2924 4230
1436 278 1651 364 (Ἦ)

219 393 479 463 Anglicam
528 395 780 468 scriptoris
819 398 972 471 hujus
1018 406 1209 477 egregii
1247 408 1527 466 versionem
1560 415 1797 469 molienti
1833 419 2118 477 maximam
2164 427 2443 486 utilitatem
2485 443 2654 510 atque,
2691 457 2848 516 opem

217 473 426 525 allatura
453 477 692 546 sponde0,
735 481 825 532 sed⁴
846 502 873 533 a
894 489 1151 556 propofito
1178 507 1296 566 meo
1328 493 1480 563 plane
1519 496 1683 549 aliena
1711 499 1807 551 effe
1836 501 1939 572 ipse
1977 504 2091 557 satis
2128 513 2378 583 percipiet
2404 515 2581 572 lector.
2717 540 2846 579 uan-

215 565 331 605 tum
357 557 512 607 verfio
543 561 760 630 Angliccz
794 582 822 613 a
858 565 939 616 Cl.
970 568 1285 623 Franklando
1315 584 1481 645 nuper
1516 578 1758 632 adornata
1783 581 2014 636 futuram
2047 587 2255 644 illarum
2292 595 2571 660 utilitatem
2607 617 2844 671 antever-

213 636 333 686 terit
354 655 381 686 a
399 655 483 687 me
501 637 768 708 dijudicari
788 642 927 696 haud
946 650 1129 717 potest,
1152 668 1275 703 cum
1299 652 1381 706 hae
1409 661 1762 713 annotationes
1788 665 2087 738 priusquam
2113 690 2188 723 ea·
2195 676 2456 744 prodierat
2488 683 2707 752 praelu'm
2722 689 2839 758 jam

210 731 526 778 exercerent,
554 722 605 771 δε
632 740 746 773 eam
769 725 1009 798 deinceps
1029 731 1275 802 inspicere
1303 739 1535 791 consulto
1559 743 1821 796 omiserim
1843 746 2007 800 donec
2027 768 2265 808 mearum
2290 759 2450 812 editio
2476 763 2838 825 absolveretur.

290 797 464 867 Hujus
492 819 610 852 vero
642 807 807 873 operis
834 811 1032 860 mentio
1059 829 1170 864 rem
1193 814 1345 867 aliam
1366 821 1585 873 minime
1610 825 1824 895 quidem
1849 828 2049 883 filentio
2078 837 2523 897 transmittendam
2550 848 2604 899 in
2629 866 2838 906 memo-
2858 896 2861 897 γ
2886 918 2891 921 ¹

208 861 338 927 riam
373 877 505 932 mihi
526 897 744 936 revocat.
803 889 923 955 Jam
952 896 1195 964 temporis
1222 897 1442 967 spatium
1468 901 1608 955 haud
1635 907 1903 962 modicum
1925 911 2094 973 fuerat
2120 916 2380 990 elapsum,
2406 941 2472 977 ex
2497 945 2603 998 quo
2628 930 2838 988 schedas

205 974 344 1008 meas
374 961 611 1015 Oxom’um
636 978 693 1016 ut
725 969 882 1038 praelo
907 971 1359 1030 committerentur
1385 984 1773 1054 transmiseram,
1814 1009 1936 1044 cum
1969 995 2071 1047 Vir
2088 1000 2452 1073 eruditiffimus
2470 1008 2630 1078 juxta
2648 1030 2708 1066 ac
2730 1013 2835 1068 hu·-

203 1039 540 1103 maniffimus,
581 1048 726 1116 cujus
756 1053 1042 1120 patrocinio
1066 1071 1256 1110 ornatae
1291 1063 1549 1132 prodeunt
1578 1081 1711 1121 notae
1747 1072 1926 1125 nostrae
1956 1078 2233 1150 AEstlzyleae,
2274 1084 2407 1138 libro
2435 1091 2664 1165 quodam
2697 1097 2835 1168 apud

202 1120 427 1173 Batavos
460 1134 584 1176 tunc
620 1146 784 1200 nuper
809 1132 965 1194 edito,
1016 1137 1150 1190 mihi
1187 1159 1305 1193 vero
1348 1162 1619 1217 nunquam
1654 1164 1801 1204 antea
1835 1156 1957 1216 vis0,
1999 1161 2084 1212 cui
2122 1163 2348 1220 titulumf
2366 1169 2624 1242 Piersbntis
2655 1180 2834 1232 aufior

202 1199 508 1255 Verifimilia
534 1208 865 1281 inscripserat,
908 1234 994 1272 me
1025 1218 1214 1272 donare
1243 1223 1315 1274 est
1342 1226 1598 1297 dignatus.
1668 1233 1774 1286 Vix
1800 1238 1975 1290 oculos
2010 1241 2065 1292 in
2101 1242 2297 1325 librum
2322 1251 2665 1321 conjeceram,
2704 1267 2831 1315 cum

197 1279 369 1334 statim
397 1284 530 1337 mihi
555 1290 783 1343 constitit
816 1295 1117 1368 scriptorem
1154 1306 1417 1360 eruditum
1444 1329 1501 1361 ac
1537 1313 1880 1385 perspicacem
1910 1338 2096 1391 paucas
2124 1326 2370 1396 quasdem
2399 1351 2540 1387 meas
2569 1338 2831 1412 scripturae

193 1363 475 1435 Euripideae
510 1373 893 1428 emendationes
918 1380 1032 1448 jam
1068 1390 1454 1459 praeoccupaffe,
1497 1394 1548 1446 &
1575 1397 1962 1466 quodammodo
1983 1403 2117 1459 mih1
2151 1412 2479 1483 praeripuisse.
2536 1418 2687 1474 Idem
2708 1423 2829 1477 aliis
2914 1475 2919 1478 .

193 1461 405 1515 quoque
433 1447 760 1521 scriptoribus
787 1455 953 1511 forsan
982 1465 1212 1517 accidisse
1238 1473 1481 1539 potuerit,
1524 1494 1749 1546 quorum
1774 1499 1944 1554 neque
1964 1503 2118 1557 opera
2143 1507 2312 1562 neque
2332 1493 2546 1551 nomina
2572 1501 2706 1556 mihi
2728 1499 2827 1573 ‘ad-x

189 1522 296 1575 huc
320 1528 682 1585 innotuerunt(
715 1536 860 1590 Hinc
887 1544 1022 1611 apud
1054 1563 1138 1597 eos
1170 1550 1357 1618 quibus
1395 1555 1568 1608 minus
1595 1558 1688 1611 fim
1716 1574 1868 1616 notus
1893 1566 2109 1621 suboriri·
2134 1573 2301 1642 potest
2333 1576 2549 1650 suspicio
2573 1589 2666 1651 'me‘
2691 1585 2824 1641 alio-
2862 1607 2875 1612 ·

189 1623 308 1679 rum
334 1608 515 1662 scrinia
541 1617 822 1688 compilare
847 1622 1073 1686 voluisse,
1115 1647 1230 1699 quae
1266 1643 1439 1686 tamen
1478 1639 1613 1710 apud
1648 1659 1734 1694 eos
1766 1647 1857 1715 qui
1893 1665 2062 1701 mores
2092 1668 2235 1706 meos
2272 1674 2331 1709 ac
2358 1660 2604 1726 ⁴indolem
2641 1663 2739 1731 vel⁴
2757 1669 2825 1723 de

187 1685 328 1740 fama
362 1707 553 1745 norunt
589 1698 795 1751 nullum
835 1703 987 1772 plane
1013 1707 1208 1771 locum,
1250 1713 1322 1765 sat
1352 1716 1472 1778 scio,
1513 1719 1753 1776 habitura
1776 1727 1865 1779 est.
1945 1731 2021 1785 Ut
2045 1732 2147 1786 illis
2185 1749 2361 1790 autem
2399 1741 2606 1798 satisfiat
2632 1749 2824 1820 ,praesto

185 1754 301 1820 sunt
338 1769 571 1842 plurium
616 1781 905 1836 amicorum
942 1787 1248 1858 testimonia,
1290 1799 1479 1866 quibus
1516 1801 1724 1858 schedas
1767 1826 1908 1861 meas
1943 1819 2457 1897 communicaveram
2487 1827 2659 1882 multo
2701 1841 2846 1900 ante*

183 1861 418 1922 tempore
445 1873 603 1926 quam
634 1874 721 1912 aut
750 1865 1329 1946 Valckenaerhaenffe
1348 1893 1435 1932 aut
1462 1882 1686 1955 Pimsom·
1707 1889 2016 1946 Verifimilia
2043 1899 2175 1969 typis
2198 1901 2487 1958 ederentur.
2528 1909 2632 1962 His
2657 1915 2819 1981 etiam

181 1931 484 2004 suffragatur
517 1940 621 2011 ipsa
654 1941 956 2000 schedarum
992 1970 1226 2008 mearum
1263 1957 1419 2012 facies
1463 1977 1616 2036 atque
1652 1968 1868 2032 indoles,
1911 1993 2035 2045 quas
2070 1996 2129 2031 ea
2163 1981 2229 2033 de
2258 1985 2404 2037 causa
2437 1987 2816 2066 diligenter-..as-

179 2012 336 2066 serv0.
398 2017 607 2073 Possum
631 2023 746 2076 sane
772 2027 1073 2085 sanctiffime
1099 2037 1346 2107 profiteri,
1389 2062 1475 2096 me
1512 2065 1801 2121 nunquam,
1842 2052 1909 2106 ne
1947 2060 2210 2115 tantillum
2250 2067 2484 2136 quidem,
2525 2090 2554 2124 a
2578 2077 2816 2148 quolibet

178 2094 421 2167 scriptore
459 2114 758 2159 mutuatum
790 2110 903 2172 effe,
947 2116 1094 2185 quod,
1123 2137 1226 2171 non
1263 2123 1310 2173 ei
1345 2124 1496 2178 fimul
1526 2133 1839 2187 nominatim
1870 2148 2042 2192 totum
2072 2158 2347 2218 acceptum
2380 2152 2645 2210 retulerim
2740 2161 2827 2226 Et
2894 2142 2924 2213 ᾗ

175 2181 410 2249 ‘proiecto
447 2183 608 2254 spem,
666 2207 720 2240 1n
768 2203 906 2245 tanta
943 2193 1130 2251 harum
1168 2208 1559 2262 annotationum
1595 2214 1749 2283 sylva,
1801 2236 1916 2288 quae
1953 2221 2058 2274 fine
2092 2226 2197 2278 ulla
2230 2223 2588 2313 controversia]
2606 2222 2812 2311 partem

167 2677 283 2718 tum
318 2668 416 2721 sese
443 2673 638 2729 obtulit¹
660 2680 958 2738 ostendendi
993 2697 1365 2761 opportunitas.
1437 2700 1844 2776 Qamprimum
1879 2714 2137 2787 Ilippofyti
2165 2721 2427 2793 Euripidei
2455 2714 2614 2800 editio
2650 2732 2800 2805 Mtffi
2841 2734 2844 2738 ’

158 2750 415 2816 graviana
437 2754 490 2805 in
527 2776 709 2812 manus
738 2782 877 2815 meas
905 2768 1170 2834 inciderat,
1213 2780 1595 2845 emendationes
1621 2788 1793 2858 plures
1825 2797 2208 2866 exconjeetura
2243 2797 2607 2866 tantumffmihi
2635 2826 2822 2878 natas,

164 2847 289 2881 cum
325 2836 624 2890 austoritate
664 2861 744 2894 eas
775 2848 974 2915 potiore
1019 2858 1395 2927 exemplarium
1431 2864 1494 2915 ab
1535 2870 1736 2922 erudito
1773 2875 1881 2926 viro
1922 2877 2230 2934 collatorum
2266 2885 2477 2942 stabiliri
2507 2910 2792 2959 cernerem,

163 2929 265 2962 una
298 2931 481 2972 omnes
517 2919 670 2974 litura
699 2925 848 2978 fimul
884 2930 1168 2987 obliteravi.
1235 2941 1375 2994 Cum
1403 2964 1557 3016 porro
1583 2950 1637 3000 in
1660 2951 1972 3024 supellectile
1998 2979 2116 3013 mea
2140 2963 2345 3019 libraria
2371 2970 2654 3028 editionem
2672 2977 2794 3032 vEu-

157 2991 328 3064 rzpidcls
352 2997 658 3072 Bsgsileerss’m
684 3009 992 3078 reperissem,
1034 3019 1178 3086 cujus
1200 3022 1272 3084 ⁶ad
1303 3028 1594 3097 marginem
1622 3032 1717 3085 Vir
1750 3038 1963 3107 quidam
1987 3041 2166 3096 doCtus
2196 3046 2329 3100 mihi
2355 3055 2555 3122 prorsus
2581 3059 2792 3129 ignotus

157 3076 474 3144 conjeeturas
505 3082 613 3135 suas
650 3104 755 3139 non
792 3090 906 3143 sane
937 3094 1240 3165 spernandas
1269 3105 1523 3170 alleverat,
1565 3112 1771 3168 illarum
1796 3123 2035 3175 omnium
2063 3125 2322 3199 quotquot
2359 3133 2493 3188 mihi
2534 3138 2645 3192 usui
2680 3140 2794 3194 fore

155 3156 462 3211 videbantur
487 3160 741 3221 honorem
763 3173 1051 3228 constanter
1079 3182 1130 3231 &
1161 3183 1391 3255 religiose
1422 3192 1469 3241 ei
1490 3192 1668 3255 detuli,
1690 3187 1895 3253 'etiamfi
1917 3222 2094 3258 earum
2114 3208 2307 3280 aliquas
2333 3213 2436 3285 ipse
2453 3217 2571 3286 jam
2590 3239 2791 3292 praeoc-

2900 2737 2924 3147 ...-.3.1'-..‚.4‚'...a..i.....4.....*..
2909 2683 2924 2715 Δ.
2917 2622 2924 2665 ,Η-
2916 2567 2924 2606 1„-
2920 2547 2924 2555 i
2915 2439 2924 2483 «ι...
2919 2408 2924 2426 -
2916 2366 2924 2376 ι
