2964 4218
162 208 202 267 6

1081 192 1936 258 AESCHYLI

219 350 330 381 vero
349 331 503 391 objicit
516 333 733 386 Pauwim,
770 329 996 378 trochaica
1013 328 1129 375 inter
1150 325 1474 388 antistropham
1524 359 1529 362 ⁴

221 402 270 446 &
298 399 497 462 epodum
530 397 800 459 interposita,
840 397 953 441 inter
974 409 1087 456 quas
1111 406 1246 439 nemo
1267 405 1474 454 unquam

224 465 296 510 vel
343 462 481 509 fando
530 462 702 507 audivit
741 460 862 507 aliud
902 460 1129 506 canticum
1169 455 1298 503 fuisse
1337 458 1472 503 inter-

211 527 418 590 jectum3
466 527 722 589 respondeo,
758 541 848 571 non
879 525 979 570 haec
1008 539 1114 586 quae
1139 521 1366 568 trochaica
1392 536 1474 566 vo-

219 606 294 639 cat
317 597 603 654 (quanquam
625 605 776 636 revera
797 591 959 635 cuneta
984 605 1074 635 non
1102 587 1204 635 sunt
1226 587 1472 640 trochaica,

223 671 274 703 ut
297 658 413 703 intra
430 656 706 711 videbimus)
732 658 959 701 canticum
981 654 1037 699 ab
1055 652 1204 716 epodo
1224 648 1472 714 sejunctum

218 722 500 776 constituere,
537 719 606 765 sed
629 720 705 765 illa
729 718 833 781 ipsa,
870 735 959 765 una
982 734 1089 765 cum
1110 716 1271 780 primis
1294 716 1475 762 duobus

220 787 420 833 verfibus
454 785 587 847 epodi
627 784 886 839 Stanleianae,
932 799 1087 830 veram
1125 784 1173 829 δε
1208 796 1474 843 germanam

218 853 303 899 effe
325 850 524 913 epodum
543 872 556 905 ;
593 851 675 912 qui
695 864 802 895 vero
823 849 1068 911 sequuntur
1087 863 1112 893 a
1134 864 1179 894 v.
1206 862 1316 906 425.
1363 858 1476 893 Μονον

217 923 257 963 8„
280 928 423 970 messem
453 918 538 962 ἃς.
575 914 805 969 inclusive,
842 913 1208 975 monostrophica
1236 913 1333 967 effe,
1368 926 1474 972 quae

216 981 318 1043 post
338 980 539 1042 epodum
573 977 782 1041 subjungi
807 979 917 1025 nihil
940 991 1075 1025 vetat.
1143 976 1278 1024 Talia
1311 976 1474 1022 scilicet

211 1045 586 1107 ‘monostrophica
609 1045 757 1106 epodo
779 1042 1014 1106 subjuncta
1034 1044 1252 1105 leguntur
1275 1043 1321 1087 in
1342 1042 1474 1088 Euri-

212 1111 323 1172 pidis
345 1111 517 1156 Bacchis
540 1110 596 1156 ad
620 1111 757 1156 finem
790 1110 914 1156 actus
942 1109 1139 1165 secundi,
1174 1108 1222 1154 δε
1252 1122 1343 1153 non
1375 1122 1475 1152 raro

217 1176 344 1222 alibi.
417 1176 586 1222 Libros
617 1189 768 1220 autem
798 1177 1008 1238 antiquos
1041 1189 1159 1237 quos
1180 1184 1331 1236 crepat
1355 1171 1475 1218 Pau-

217 1243 341 1297 τοίω,
368 1242 413 1287 in
437 1241 604 1304 quibus
627 1240 725 1286 haec
749 1240 1223 1303 monostrophicorum
1249 1237 1383 1284 titulo
1405 1238 1474 1283 in-

202 1306 378 1368 scripta
417 1306 714 1369 reperiuntur,
773 1305 884 1352 nihil
924 1321 1095 1362 moror,
1149 1305 1320 1367 quippe
1359 1318 1481 1365 quos.

217 1373 425 1419 Demetrio
446 1370 639 1417 Triclinia
662 1373 710 1417 δε
733 1368 828 1432 ejus
850 1370 1088 1426 similibus,
1122 1372 1199 1432 qui
1234 1381 1378 1415 metra
1395 1384 1475 1431 ve-

218 1449 368 1483 terum
405 1438 710 1500 Tragicorum
748 1436 1046 1492 declararunt,
1082 1436 1353 1498 antiquiores
1390 1435 1474 1481 effe

218 1503 299 1548 vix
337 1502 616 1550 crediderim.
686 1502 852 1565 Neque
899 1501 1151 1549 admodum
1199 1515 1274 1547 me
1321 1513 1477 1547 movet

217 1566 532 1615 Scholiafiarum
546 1567 606 1614 ad
627 1567 749 1626 hunc
767 1567 940 1622 locum,
964 1569 1013 1614 &
1030 1568 1085 1614 ad
1105 1564 1472 1629 Aristoph.Vesp.
1538 1604 1541 1606 .

217 1648 266 1679 v.
288 1648 398 1696 270,
434 1634 525 1683 hoc,
543 1652 651 1694 μελος
667 1656 808 1694 samem
824 1634 906 1680 effe
925 1634 1344 1696 pronunciantium,
1369 1647 1473 1679 auc-

215 1700 389 1746 toritas,
441 1699 488 1746 Si
509 1700 632 1745 enim
654 1722 794 1759 ςαωμον
815 1698 863 1745 id
880 1718 990 1760 μελος
1010 1699 1094 1745 este
1116 1699 1279 1746 statuas
1299 1698 1426 1761 quod
1448 1713 1476 1744 a

218 1763 376 1811 Choro
406 1764 562 1821 stante,
598 1765 647 1811 ὅτ
683 1780 778 1811 non
811 1763 853 1811 se
888 1764 1083 1828 strophis
1114 1765 1164 1812 ὅτ
1186 1763 1475 1826 antistrophis

214 1842 524 1887 convertente,
559 1842 778 1886 cantetur,
811 1831 984 1893 primo,
1018 1845 1086 1877 res
1109 1830 1202 1893 ipsa
1231 1845 1319 1892 pro
1339 1827 1380 1875 se
1404 1829 1474 1876 lo-

213 1895 375 1957 quitur
391 1895 479 1942 hoc
501 1919 643 1957 ςασιμον
665 1911 756 1943 non
778 1897 876 1951 effe,
913 1893 1145 1943 manifeste
1167 1895 1290 1942 enim
1311 1895 1475 1958 depre-

212 1960 477 2007 henduntur
499 1961 679 2023 strophe
702 1962 750 2008 ὅτ
773 1961 1048 2024 antistrophe
1082 1961 1165 2008 fibi
1179 2023 1182 2026 ἢ
1197 1973 1359 2008 mutuo
1389 1960 1475 2008 res-

214 2025 498 2089 pondentes,
534 2025 744 2083 secundo,
779 2026 901 2074 idem
929 2027 1172 2074 confirmat
1195 2026 1475 2083 Aristoteles,

212 2094 296 2155 qui
319 2091 486 2140 Poetic.
509 2107 608 2156 cap.
636 2107 731 2139 κη.
750 2092 904 2148 tradit,
934 2116 1074 2153 ςασιμον
1090 2108 1173 2139 nec
1196 2091 1476 2155 anapaestum

214 2173 298 2204 nec
319 2157 574 2206 trochaeum
595 2157 858 2214 admittere;
882 2160 929 2205 in
953 2159 1039 2205 h'oc
1057 2171 1208 2205 autem
1231 2158 1476 2222 systemate,

212 2224 352 2269 etiam
378 2220 515 2285 juxta
539 2226 780 2280 Pauwium,
816 2238 1013 2286 quatuor
1034 2223 1091 2271 ad
1114 2225 1363 2271 minimum
1386 2236 1479 2272 tro-

214 2287 360 2336 chaici
376 2289 707 2352 relinquuntur.
727 2291 806 2336 Sin
823 2305 931 2336 vero
949 2305 1055 2336 cum
1074 2292 1220 2352 Kingio
1237 2290 1294 2336 ad
1306 2291 1478 2352 Euripi-

213 2353 280 2401 dis
305 2355 492 2418 Phoeng'ffl
514 2371 561 2402 v.
586 2369 695 2405 212·
730 2378 872 2416 ςαοτμον
899 2356 982 2401 este
1005 2355 1171 2403 statuas
1196 2372 1336 2403 omne
1366 2375 1478 2416 μελος
1541 2392 1544 2394 v

213 2419 346 2482 quod
364 2436 389 2466 a
407 2421 563 2467 Choro
576 2420 679 2483 post
694 2421 937 2483 parodum,
951 2421 997 2467 &
1017 2434 1118 2469 ante
1133 2421 1352 2478 exodum,
1370 2437 1477 2470 can-
1544 2467 1546 2470 ,

213 2496 355 2542 tat-ur,
389 2484 624 2536 solvunt-ur
645 2487 779 2549 plane
800 2486 999 2542 tabu1ae3
1039 2502 1174 2550 aeque
1194 2489 1316 2534 enim
1343 2511 1480 2548 ςαστμοι

212 2563 348 2600 erunt
370 2550 688 2615 antistrophica
720 2552 769 2599 &
791 2551 982 2614 epodica
1009 2567 1061 2599 ac
1091 2552 1475 2616 monostrophica.

210 2617 373 2678 Atque
396 2615 512 2667 hanc
535 2617 723 2679 quidem
746 2616 1024 2679 sententiam,
1043 2617 1329 2666 eruditorum
1345 2634 1475 2668 com-

211 2682 346 2727 muni
363 2679 456 2729 fere
478 2682 694 2747 suffragio
715 2682 1080 2746 comprobatam,
1110 2683 1167 2745 p&
1189 2685 1253 2731 rei
1281 2684 1477 2743 veritati,

210 2745 266 2796 ὅτ
287 2746 540 2797 Aristotelis
558 2747 779 2799 doetrinae
800 2747 1040 2795 consonam
1071 2749 1174 2806 effe,
1213 2749 1476 2813 persu‘afiffi»

203 2826 348 2866 ,mum
369 2812 531 2861 habeo.
551 2813 694 2874 Juxta
712 2814 832 2861 hunc
842 2815 982 2870 enim,
1005 2814 1108 2860 loco
1127 2813 1258 2877 supra
1275 2815 1476 2873 laudato,

210 2878 370 2924 omnia
390 2890 554 2940 praeter
568 2879 795 2941 parodum
813 2876 955 2926 Chori
971 2880 1146 2926 cantica
1163 2880 1338 2927 stafima
1355 2880 1472 2938 sunt,

209 2945 411 3005 exceptis
445 2943 680 3006 anapaestis
718 2945 767 2991 δε
806 2943 1030 2995 trochaeiS.
1103 2943 1290 3008 Qibus
1326 2947 1476 2994 verbis

211 3022 305 3054 non
330 3008 417 3054 hoc
441 3008 604 3056 scilicet
628 3010 775 3057 voluit
794 3008 1114 3072 Philosophus,
1150 3010 1355 3073 singulos
1371 3028 1474 3059 ver-

212 3071 283 3119 sus
307 3073 596 3136 anapaesticos
619 3087 698 3122 aut
728 3075 978 3123 trochaicos
1009 3076 1060 3121 'in
1083 3075 1266 3124 canticis
1289 3076 1475 3125 stafimis

189 3137 369 3184 'locum
406 3139 568 3186 habere
602 3155 693 3187 non
729 3141 883 3202 poffe3
931 3141 1019 3187 hoc
1052 3142 1174 3188 enim
1207 3143 1475 3204 apertiffime

213 3216 488 3266 repugnaret
507 3206 548 3251 ei
570 3205 696 3269 quod
718 3206 890 3252 faetum
911 3205 1290 3269 deprehendimus
1311 3209 1358 3254 in
1376 3224 1475 3254 om-

214 3268 348 3316 nibus
371 3267 464 3315 fere
482 3270 749 3333 Tragoediis
773 3271 964 3327 Graecis,
995 3285 1101 3334 quae
1119 3274 1337 3334 temporis
1356 3271 1474 3335 inju-

213 3334 299 3379 rias
322 3333 529 3381 eluctatae
552 3335 608 3381 ad
629 3351 711 3382 nos
734 3335 873 3398 usque
895 3349 1211 3398 pervenerunt.
1255 3338 1382 3384 Nam
1403 3340 1474 3385 ni-

212 3396 277 3444 hil
314 3396 593 3461 frequentius
628 3400 692 3446 est
726 3401 882 3463 (quod
921 3413 1091 3447 norunt
1125 3417 1287 3449 omnes
1315 3405 1395 3466 qui
1425 3404 1472 3450 in

211 3463 423 3526 Tragicis
463 3464 687 3511 veteribus
719 3467 790 3512 vel
830 3466 1119 3513 mediocriter
1141 3466 1242 3514 sunt
1277 3467 1469 3527 versati)

202 3543 351 3590 quarn
392 3531 436 3574 in
471 3530 655 3576 canticis
692 3530 880 3577 stafimis
914 3531 1002 3578 hoc
1038 3530 1159 3577 sensu
1195 3535 1390 3595 accept-is
1421 3535 1470 3581 &
1515 3560 1525 3567 x

203 3592 461 3642 trochaicos
481 3595 533 3642 &
565 3594 874 3658 anapaesticm,
907 3596 956 3644 δε
988 3596 1219 3645 interdum
1254 3601 1471 3649 continua

1575 339 1582 349 ·
1609 323 1713 372 serie
1735 318 2109 386 plures‚rinsertos
2134 323 2339 386 reperire.

1536 1246 1546 1253 '
1609 1255 1685 1287 me
1706 1238 1902 1294 fallitur;

2382 323 2513 387 Qin
2542 321 2590 371 δε
2609 316 2659 371 in
2681 323 2869 373 'duobus

1608 391 1792 437 canticis
1815 403 1931 450 quos
1955 388 2279 452 Aristophanes
2303 390 2424 437 Ran.
2451 404 2646 451 v.1314.
2672 412 2789 441 enam
2801 412 2873 451 με·

1607 474 1680 504 λων
1719 453 1917 519 appellat
1951 452 2000 500 &
2037 454 2277 516 Euripidem
2307 456 2568 502 recitantem
2606 454 2870 512 introducit,

1607 534 1872 582 quanquam
1913 534 2136 582 perquam
2174 519 2401 575 brevibus,
2450 520 2585 583 plura
2621 519 2722 567 sunt
2761 535 2891 568 ειη--
2937 539 2964 580 2.

1606 584 1812 649 paestica;
1839 585 1887 630 &
1906 583 2069 631 stafimi
2091 586 2138 631 in
2155 584 2311 648 Vespis
2327 587 2504 648 primus
2523 583 2745 632 versusest
2762 588 2893 633 ana·'

1606 650 1832 713 paesticus.
1861 649 1984 697 Haec
1997 651 2138 713 igitur
2147 650 2456 714 proculdubio
2467 650 2721 698 ArIstotelis
2740 666 2870 704 mens

1607 727 1717 771 erat,
1741 729 1794 762 ut
1816 714 2052 778 systemata
2071 716 2150 763 illa
2173 715 2441 780 anapaestica
2470 716 2519 762 δε
2542 715 2784 775 trochaica,
2818 718 2868 764 in
2931 775 2935 782 A

1607 782 1776 843 quibus
1798 780 1998 843 personae
2025 783 2179 844 potius
2200 781 2463 829 dramaticae
2485 796 2628 844 quam
2650 782 2870 830 cantantis

1604 859 1753 908 partes
1781 845 1960 893 sustinet
1982 847 2178 903 Chorus,
2202 846 2445 910 qualiaque
2466 845 2725 910 saepiuscule‘
2745 846 2894 910 apud.
2932 842 2935 843 ⁷

1605 926 1779 959 veteres
1789 913 2013 975 Tragicos
2034 911 2288 961 etiamnum
2310 925 2570 969 occurrunt,
2586 927 2613 958 a
2634 912 2869 960 cantilenis

1607 985 1712 1024 vere
1748 977 1936 1033 melicis,
1955 992 2078 1040 ‘quae
2109 979 2290 1042 proprie
2314 977 2507 1034 stafima,
2543 967 2867 1025 accurate'dis-
2925 974 2938 996 ³

1606 1045 1846 1105 tingueret.
1915 1043 2128 1106 Denique
2147 1044 2352 1091 Pauwius
2372 1045 2509 1090 etiam
2531 1042 2651 1090 infra
2680 1042 2736 1090 ad
2760 1043 2868 1093 Per-

1595 1108 1743 1170 fizrum
1765 1121 2088 1172 argumentum
2107 1110 2264 1155 omnia
2276 1107 2595 1172 antistrophica
2615 1110 2770 1155 revera
2783 1107 2871 1155 sta—

1608 1174 1719 1220 fima
1748 1175 1830 1221 effe
1864 1173 2070 1221 censuiffe
2091 1173 2288 1230 videtur,
2322 1174 2369 1220 in
2392 1189 2487 1237 quo
2510 1187 2660 1221 tamen
2685 1173 2871 1222 cei-ciffi-

1608 1308 1657 1353 in
1678 1305 1891 1367 Euripidis
1913 1303 2134 1363 Phaeng'ffis,
2169 1305 2216 1352 &
2247 1306 2294 1351 in
2321 1303 2418 1352 aliis
2442 1304 2706 1369 Tragoediis
2724 1304 2870 1369 pluri-

1609 1372 1711 1427 bus,
1748 1372 1795 1417 &
1819 1374 1864 1418 in
1889 1370 1990 1433 ipsis
2012 1370 2145 1428 Perfis
2169 1369 2330 1432 parodi
2359 1385 2482 1433 pars,
2515 1371 2563 1417 in
2595 1369 2799 1434 strophas
2821 1370 2872 1418 δε
2899 1421 2903 1424 ,
2938 1411 2941 1416 ,

1609 1437 1908 1499 antistrophas
1931 1435 2233 1499 distinguitur.
2286 1436 2528 1499 'Perquam
2547 1434 2696 1484 suavis
2716 1446 2871 1484 autem
2934 1449 2937 1450 ’

1607 1500 1672 1550 est
1692 1503 1896 1550 Pauwius
1926 1501 2042 1549 hanc
2075 1502 2296 1549 rationem
2331 1500 2520 1549 afferens
2553 1515 2701 1566 quare
2722 1501 2822 1549 haec
2845 1515 2872 1548 a

1608 1568 1766 1617 Choro
1781 1568 1921 1616 stante
1940 1567 1990 1614 δε
2005 1565 2276 1630 quiescente,
2289 1566 2339 1615 &
2356 1582 2448 1614 non
2469 1564 2555 1615 sese
2566 1583 2650 1631 per
2664 1565 2872 1631 strophas

1608 1634 1659 1681 δε
1679 1633 1980 1697 antistrophas
2009 1645 2298 1680 convertente
2327 1633 2499 1680 cantari
2525 1631 2766 1690 debebant,
2798 1632 2872 1680 ni·
2943 1669 2946 1670 γ

1610 1701 1782 1747 mirum
1805 1701 1915 1762 quia
1937 1697 2085 1760 ipsum
2108 1696 2253 1746 solum
2277 1700 2324 1746 in
2354 1713 2450 1762 quo
2477 1697 2644 1762 pedem
2664 1697 2876 1764 potuerat
2940 1765 2941 1768 Ἴ

1608 1777 1792 1814 motum
1817 1766 1868 1812 δε
1900 1764 2238 1812 conversionem
2268 1780 2361 1811 non
2381 1762 2572 1821 ferebat,
2605 1779 2717 1813 cum
2738 1768 2876 1831 rupes

1606 1832 1713 1879 effet
1733 1845 1938 1894 praeceps
1967 1830 2017 1876 &
2047 1830 2276 1892 aspera-ad
2309 1826 2438 1892 cujus
2461 1830 2672 1877 altiorem
2692 1834 2872 1896 partem
2936 1836 2942 1868 ἰ·

1607 1897 1771 1944 affixus
1801 1908 1896 1943 erat
1926 1894 2204 1947 Prometheus.
2258 1894 2405 1960 Qafi
2436 1892 2601 1943 scilicet
2628 1893 2872 1959 Nymphae

1608 1963 1702 2010 istae
1725 1963 1841 2008 circa
1869 1960 1961 2024 ipsa
1986 1963 2110 2024 rupis
2131 1961 2289 2017 latera,
2323 1963 2439 2008 inter
2459 1960 2656 2024 abrupta
2672 1961 2727 2008 ὅτ
2752 1974 2874 2024 prae-

1607 2029 1763 2091 cipitia
1785 2028 1898 2075 ficut
1913 2026 2050 2090 glires
2074 2027 2310 2080 haererent,
2335 2025 2480 2082 aliter,
2499 2036 2552 2074 ut·
2571 2027 2754 2089 opinor,
2777 2040 2871 2073 non

1609 2093 1710 2141 satis
1745 2094 2021 2156 propinquae
2055 2090 2224 2139 futurae
2262 2104 2314 2138 ut
2344 2090 2402 2138 ab
2432 2091 2514 2139 illo
2535 2091 2739 2139 exaudiri
2766 2090 2872 2158 pos7

1609 2159 1716 2216 sent‚
1750 2159 1799 2206 δε
1818 2173 1908 2204 non
1926 2158 2080 2220 potius
2099 2158 2217 2205 circa
2234 2157 2359 2220 rupis
2382 2156 2523 2214 basin,
2543 2157 2655 2206 ,solo
2671 2160 2873 2222 aequiore
2939 2178 2945 2219 Τ

1609 2227 1660 2272 &
1683 2225 1826 2272 Chori
1850 2223 2220 2271 conversionibus
2258 2223 2414 2269 saltem
2449 2238 2542 2270 non
2571 2221 2873 2271 incommodo

1606 2291 1964 2354 ingrederentur.

1611 2357 1796 2412 Lector,
1833 2371 1891 2403 ne
1909 2366 2162 2402 metrorum
2194 2355 2240 2403 in
2263 2355 2351 2401 hoc
2379 2356 2558 2402 cantico
2585 2353 2871 2409 constitutio·
2943 2384 2947 2387 -

1609 2438 1716 2470 nem
1752 2438 1778 2467 a
1799 2423 1978 2470 Pauwio
2004 2433 2146 2483 petat,
2182 2420 2254 2467 sed
2276 2420 2465 2467 editioni
2491 2419 2735 2468 Stanleianae
2765 2434 2871 2468 otn-

1607 2489 1718 2534 nino
1752 2487 1995 2543 adhaereat,
2030 2486 2110 2535 nisi
2144 2487 2224 2535 ubi
2264 2486 2322 2532 ab
2357 2482 2758 2533 eaffdisoedendum
2787 2485 2874 2534 effe

1609 2568 1721 2602 mox
1743 2552 2045 2600 ostendemus.
2108 2554 2266 2600 Metra
2285 2553 2409 2600 enim
2439 2551 2486 2598 in
2508 2551 2594 2599 hac
2614 2549 2755 2616 longe
2777 2566 2873 2599 rec-

1607 2620 1697 2666 tius
1716 2617 2057 2682 distinguuntur
2078 2633 2221 2683 quam
2243 2619 2290 2665 in
2311 2616 2426 2665 olim
2448 2615 2647 2682 vulgatis
2668 2619 2784 2682 q'uas
2805 2614 2871 2666 se·
2939 2618 2946 2646 5

1603 2696 1741 2733 cutus
1763 2683 1826 2732 est
1848 2687 2067 2734 Pauwius.

1541 2750 1602 2799 V.
1625 2765 1735 2814 397.
1759 2754 1869 2814 398.
1924 2751 2116 2799 Horum
2146 2750 2356 2798 versuum
2387 2748 2513 2813 prior
2532 2748 2872 2862 choriambpicus
2934 2735 2943 2813 J

2793 2830 2874 2863 au·
2950 2826 2952 2830 ’

1607 2815 1672 2863 est
1693 2816 1900 2873 dimeter,
1935 2816 2047 2863 alter
2069 2816 2438 2879 penthemimeris
2460 2814 2670 2878 iambica.

1606 2884 1716 2928 wius
1734 2898 1790 2931 ex
1814 2882 2039 2929 ambobus
2058 2882 2386 2946 coagmentatis
2408 2896 2500 2928 non
2523 2881 2602 2928 nifi
2626 2894 2772 2928 unum
2799 2878 2873 2928 fa·-

1609 2948 1672 2994 cit
1692 2949 1903 3003 versum3
1951 2949 2160 3011 imperite
2193 2947 2391 3011 prorsus,
2426 2948 2554 2994 omni
2588 2946 2645 2993 ad
2683 2959 2871 3007 caeteros
2904 2955 2908 2958 ’
2945 2941 2948 2944 ’

1607 3009 1743 3074 hujus
1766 3012 2009 3079 systematis
2032 3012 2178 3061 versus
2188 3015 2486 3078 proportione
2507 3013 2594 3063 hoc
2613 3011 2749 3076 pacto
2766 3011 2872 3061 sub-
2934 3069 2945 3081 2

1607 3078 1713 3126 iata.

1544 3160 1653 3208 399.
1681 3159 1793 3203 400.
1819 3160 1931 3203 401.
1982 3145 2052 3191 Ita
2076 3143 2123 3190 hi
2145 3141 2293 3191 versus
2324 3142 2554 3216 emendari
2585 3142 2634 3192 &
2654 3142 2871 3193 ‘constitui
2952 3150 2954 3153 ’

1606 3209 1790 3266 debent,

1737 3290 2019 3340 Δακρυσιςακτον
2039 3276 2109 3323 ewr’
2125 3299 2224 3324 οωων
2256 3276 2431 3323 ionicus
2464 3290 2491 3321 a
2525 3275 2701 3322 minore
2729 3289 2872 3338 purus
2920 3304 2922 3306 ·

2359 3340 2551 3404 dimeter
2571 3340 2840 3389 acatalectus

1739 3413 1893 3454 Ροωῦνων
1913 3415 1988 3470 ῥεος
2009 3429 2150 3467 nagemw
2183 3405 2305 3452 idem
2330 3424 2572 3467 αμακλωμενος

1737 3483 1877 3520 ’Νοτιοις
1901 3476 2027 3530 ere->52
2054 3483 2192 3532 πηγὰς.
2230 3471 2366 3520 idem.

1604 3535 1905 3598 participium
1941 3546 2142 3597 λειζομενα,

1937 1239 2138 1302 parodus
2161 1241 2282 1285 enim
2301 1239 2349 1286 in
2371 1239 2455 1298 hac
2479 1238 2571 1302 ipsa
2593 1238 2868 1303 Tragoedia,
2940 1284 2942 1289 .

2049 2287 2314 2337 Monendus
2352 2287 2416 2335 est
2458 2290 2597 2336 etiam
2643 2289 2874 2354 imprimis

2195 3537 2322 3599 quod
2360 3538 2408 3584 in
2448 3535 2580 3606 editis
2615 3534 2768 3583 versus
2805 3534 2871 3584 se-
2948 3526 2950 3528 ’

1597 3601 1742 3649 cundi
1762 3599 1963 3652 metrum
1986 3601 2167 3666 prorsus
2190 3601 2422 3660 subvertit,
2459 3618 2485 3650 a
2516 3600 2872 3677 Librarioplim
2947 3636 2951 3638 -

2738 3678 2876 3716 mter-2
2907 3706 2910 3709 Δ
