2964 4218
66 1326 83 1354 ·.
139 1304 295 1352 vestas
315 1303 495 1353 scenam
517 1305 709 1353 intrasse.

39 1378 42 1379 ’
70 1381 74 1384 “
95 1385 99 1391 ·
123 1369 229 1418 ‘bus
251 1382 434 1418 tantum
459 1369 678 1435 suspensae
695 1371 1013 1419 conversiones
1046 1372 1268 1430 choricas,
1306 1374 1416 1422 stro-

67 1488 69 1493 !
135 1434 255 1501 phas
271 1436 653 1502 &antistrophas,
678 1437 925 1485 commode
945 1454 1160 1502 peragere
1182 1453 1414 1503 poterant,

554 182 2363 273 PKROMETHEUS‘VINCTUS.
2589 256 2592 260 ,
2788 215 2830 275 3·

4 309 34 384 43'
70 325 74 331 ’
122 326 228 369 ·cat
257 315 501 374 dicentem,
532 313 791 381 ,Nymphas
818 317 949 367 hasce
976 320 1188 368 machina
1218 318 1422 383 quadam

11 407 34 462 a*
67 397 70 402 ·
114 420 123 426 .
151 397 237 446 per
258 396 361 431 aera
381 380 508 430 fuiffe
529 382 699 440 vectas,
735 383 826 447 ipse
848 397 1007 432 contra
1039 386 1318 434 contendens
1348 400 1422 432 eas

151 463 246 496 non
282 450 329 496 in
360 447 574 496 machina
611 449 874 507 collocatas,
909 449 980 497 sed
1014 451 1206 499 restibus
1239 462 1420 498 tantum

150 512 390 578 finspensas,
423 515 472 561 in
494 511 670 562 scenam
691 515 916 579 prodiistis.
962 517 1052 563 Sed
1075 517 1105 564 fi
1129 518 1329 564 maxime
1345 516 1421 563 de-

151 594 257 632 mus
279 579 430 628 verbis
451 581 611 643 νῆεςωτῳ
635 605 651 628 ο
689 606 716 640 ῳ
740 580 854 628 nihil
888 581 1013 628 aliud
1039 582 1251 629 denotari
1275 597 1420 645 quarn

120 666 122 669 ·
149 644 481 709 Nympharum
508 645 621 703 alas,
671 647 762 693 cire
796 646 939 694 velim
1006 663 1116 695 uase
1149 671 1291 712 μψιγκ
1327 664 1419 695 non

61 705 68 710 ⁷
147 724 283 775 aeque
306 712 545 760 necessaria
559 711 799 775 Nymphis
822 711 952 760 alatis
996 716 1130 770 uerit,
1166 729 1218 760 ac
1243 713 1417 770 Perseo,

0 776 35 849 [si-
83 806 86 807 ⁷
145 775 233 840 qui
255 788 347 825 non
365 776 625 824 nifi'talaria
642 777 760 824 alata
776 776 994 842 gestabat.
1026 778 1238 827 Perseum
1262 792 1417 827 autem

147 841 361 890 machina
393 857 477 907 per
513 857 616 890 aera
652 841 785 907 supra
818 842 994 891 scenam
1025 843 1132 891 ferri
1165 844 1300 891 solere
1328 844 1419 908 ipse

146 922 235 956 nos
275 907 412 956 docet
441 907 625 956 Pollux.
654 915 669 922 '
702 909 750 956 Si
781 910 884 973 quis
920 925 1032 957 vero
1065 910 1214 957 versus
1244 926 1420 970 124-

149 973 259 1021 126.
296 989 403 1039 ¹²9·
435 990 543 1037 13²·
587 989 691 1036 ¹35·
719 991 830 1040 279·
859 979 968 1024 280.
998 978 1108 1024 286.
1138 979 1246 1040 287.
1286 974 1417 1024 causa

95 1047 97 1049 ’
124 1044 241 1086 'non
268 1038 566 1104 praeju'dicata
598 1041 868 1104 perpendet,
905 1043 1092 1090 &inter
1125 1042 1166 1090 se
1196 1041 1414 1102 conferet,

143 1106 184 1153 is
196 1114 396 1162 mecum,
419 1118 473 1155 ut
493 1109 676 1170 opinor,
697 1105 873 1165 sentiet,
892 1108 1141 1171 Nymphas
1163 1108 1290 1157 hasce
1307 1125 1413 1159 cur·

52 1162 72 1186 ³
103 1182 106 1183 ’
140 1171 273 1221 ribus
304 1187 332 1220 a
356 1172 627 1220 volucribus
661 1173 948 1247 tractim-qui
982 1173 1286 1236 proculdubio
1322 1193 1417 1224 ma-
1454 1188 1464 1193 “

66 1254 70 1257 ·
138 1237 292 1287 chinae
314 1241 502 1302 nomine
525 1238 648 1286 haud
679 1238 858 1303 indigni
880 1239 1177 1297 videbuntur,
1211 1257 1293 1304 per
1315 1259 1418 1291 aera

776 1307 881 1358 Nec
905 1305 1008 1352 sane
1029 1307 1269 1370 quomodo
1292 1310 1415 1357 resti-

112 1556 115 1557 ,
136 1502 290 1551 video.
355 1504 516 1568 Atque
538 1501 674 1566 hujus
697 1503 887 1567 quidem
911 1507 1173 1568 argumenti
1196 1507 1293 1553 vim
1318 1506 1414 1554 sen-

137 1567 231 1617 siffe
247 1567 431 1617 videtur
450 1569 541 1634 ipse
560 1570 784 1627 Pauwius,
810 1570 859 1617 δε
883 1583 935 1617 ut
958 1572 1102 1617 aciem
1123 1569 1218 1634 ejus
1240 1572 1413 1632 eludat,

137 1634 532 1691 adcommentum
556 1633 786 1700 confugit,
822 1651 915 1684 non
938 1638 1193 1700 precarium
1212 1650 1411 1698 tantum,

137 1698 215 1749 sed
251 1700 302 1750 &
339 1716 483 1767 quam
527 1701 731 1750 maxime
770 1701 1035 1750 absurdum.
1085 1715 1211 1752 Mem:
1249 1702 1414 1754 scilicet

5 1746 11 1757 .
71 1775 77 1782 ”
137 1765 272 1831 hoc,
327 1768 423 1817 uod
455 1785 609 1817 revera
627 1767 1022 1832 <antistrophicum
1066 1769 1151 1816 ess‘e
1184 1771 1410 1830 concedit,

135 1834 277 1883 cecin'
314 1850 340 1882 e
369 1846 525 1883 tamen
565 1835 756 1883 stantem
782 1835 831 1883 δε
861 1833 1167 1899 quiescentem
1197 1835 1411 1886 Chorum

134 1900 390 1965 existimare
410 1900 452 1949 se
474 1901 613 1950 malle
637 1899 776 1957 dicit;
819 1916 916 1965 quo
949 1900 1064 1964 quid
1093 1901 1408 1967 etymologiae,

133 1967 320 2024 rationi,
355 1967 406 2019 δε
427 1967 535 2015 fidei
564 1966 787 2015 historicae
818 1968 966 2030 magis
998 1982 1260 2031 repugnans
1296 1971 1411 2034 fingi

107 2048 113 2054 ⁸
132 2031 320 2096 potest?
365 2032 636 2099 Qinetiam
660 2032 851 2080 minime
867 2044 1106 2080 contentus
1129 2033 1274 2081 Chori
1296 2035 1409 2083 stro-

131 2097 250 2163 phas
280 2099 336 2149 &
362 2098 666 2164 antistrophas
695 2099 1002 2147 conversionis
1035 2110 1236 2163 expertes
1269 2116 1408 2149 exco-

77 2166 81 2171 “
132 2165 306 2230 gitafle,
340 2165 468 2214 nulla
501 2182 584 2230 per
616 2178 764 2214 totam
797 2165 914 2213 hanc
945 2166 1251 2230 Tragoediam
1287 2169 1407 2215 anti-

131 2231 375 2296 strophica,
428 2232 554 2284 nulla
585 2231 776 2296 epodica
816 2231 988 2280 exstare
1029 2232 1281 2290 contendit,
1333 2233 1408 2281 sed

129 2300 308 2347 cantica
345 2297 435 2346 alia
485 2300 675 2364 quidem
711 2299 872 2346 omnia
908 2296 1286 2362 *monostrophissca
1318 2301 1406 2348 effe

125 2366 402 2430 pronunciat
421 2377 590 2427 praeter
611 2365 700 2413 hoc
721 2363 870 2412 solum
891 2362 1099 2427 systema,
1111 2364 1245 2427 quod
1261 2381 1406 2428 quare

128 2429 556 2494 monostrophicum
580 2446 768 2496 quoque
785 2431 870 2478 effe
890 2445 983 2477 non
1001 2429 1228 2478 asseruerit
1245 2433 1401 2479 miror.

128 2497 273 2545 Hanc
294 2508 448 2545 autem
472 2510 654 2546 tantum
681 2497 903 2544 rationem
934 2497 1224 2559 pronunciati
1246 2497 1311 2544 sui
1334 2496 1403 2545 af-

103 2622 105 2624 ·
126 2561 368 2628 fert,quod
388 2561 555 2612 scilicet
575 2562 724 2628 ipsum
747 2561 913 2619 solum,
940 2565 987 2609 in
1011 2577 1110 2626 quo
1131 2562 1295 2626 pedem
1317 2579 1402 2626 po-

123 2629 276 2678 suerat
291 2629 496 2687 Chorus,
514 2645 622 2679 cum
648 2644 782 2693 rupes
805 2629 911 2676 effet
931 2643 1138 2692 praeceps
1161 2630 1210 2677 δε
1232 2628 1401 2692 aspera,

122 2695 186 2744 ad
208 2693 337 2755 cuius
362 2695 570 2760 altiorem
594 2709 771 2759 partem
797 2695 959 2741 affixus
981 2706 1077 2741 erat
1100 2695 1402 2743 Prometheus

123 2774 313 2811 motum
336 2762 386 2810 δι
406 2762 746 2822 conversionem
770 2776 864 2808 non
881 2759 1065 2809 ferebat.
1105 2760 1194 2808 Sed
1216 2760 1317 2809 haec
1335 2762 1400 2808 in-
1432 2759 1441 2769 ‘

128 2829 380 2879 firmiffima
419 2829 504 2875 effe
540 2843 679 2876 nemo
718 2827 780 2875 est
816 2828 897 2890 qui
934 2842 1026 2873 non
1063 2825 1213 2874 statim
1245 2828 1394 2883 videt;

126 2893 266 2942 fuerit
286 2896 410 2941 enim
435 2894 776 2958 quantumlibet
810 2907 1016 2956 praeceps
1049 2893 1098 2940 &
1122 2891 1274 2957 aspera
1308 2893 1401 2957 ipsa

123 2975 280 3025 rupes,
316 2961 428 3024 qui-d
451 2973 605 3008 tamen
621 2959 778 3007 obstat
803 2974 908 3022 vquo
930 2958 1083 3005 minus
1110 2956 1304 3021 spatium
1341 2959 1398 3006 ad

101 3024 225 3090 „ejus
246 3026 419 3077 radices
449 3025 549 3074 satis
582 3025 888 3073 commodum
918 3025 1099 3086 reperiri
1121 3025 1264 3087 poffet
1286 3040 1396 3071 con-

78 3092 406 3140 ···versionibus
438 3091 631 3139 choricis
667 3090 974 3156 peragendis?
1026 3090 1154 3137 Nam
1193 3106 1294 3137 eam
1327 3107 1396 3137 re-

80 3195 83 3202 .
117 3159 275 3222 gionis
298 3160 430 3206 aeriae
449 3170 628 3222 partem
656 3170 765 3221 q-uae
799 3155 1077 3204 Prometheo
1104 3156 1319 3219 pendenti
1342 3171 1398 3202 ex

108 3223 310 3272 :adverso
333 3237 447 3281 erat,
482 3224 774 3271 commodius
804 3221 1098 3284 colloquendi
1119 3224 1269 3285 gratia
1293 3221 1395 3268 reli·

80 3303 96 3344 ἢ
118 3290 268 3353 quifle
291 3290 522 3346 Chorum,
557 3291 679 3338 &ex
700 3289 912 3338 curribus
934 3287 1019 3333 suis
1045 3288 1090 3333 in
1119 3300 1286 3334 terram
1317 3287 1396 3333 de-

70 3396 72 3398 .
124 3354 332 3404 scendiffe
365 3355 538 3404 constat
573 3371 634 3401 ex
661 3371 706 3401 v.
736 3370 846 3417 270.
882 3367 976 3417 279
1005 3381 1059 3389 —-
1086 3356 1196 3415 283.
1252 3352 1397 3417 Qod

119 3421 182 3468 ad
200 3421 468 3485 anapaestica
491 3424 607 3469 inter
631 3419 837 3484 strophas
861 3419 911 3466 δεῖ
934 3418 1233 3482 antistrophas
1260 3420 1397 3465 inter-

115 3486 268 3550 posita
290 3490 465 3544 attinet,
492 3489 592 3539 haec
608 3484 957 3533 conversionum
979 3484 1188 3532 ordinem
1209 3485 1399 3546 minime

115 3555 478 3619 interrumpunt.
537 3555 726 3603 Interim
750 3552 866 3600 dum
889 3567 940 3600 ea
964 3550 1255 3615 proloquitur
1284 3551 1397 3598 Pro-

1470 3089 1713 3151 155.156.

1558 311 1982 372 metheus‘subsistit
2003 323 2202 381 Chorus,
2237 322 2401 371 deinde
2431 322 2488 368 ad
2512 321 2824 370 conversiones

1555 402 1612 433 ex
1634 388 1790 437 ordine
1813 390 1939 437 redit.

1472 449 1549 498 'V.
1577 468 1682 515 134.
1720 468 1770 502 Εκ
1793 457 1826 503 8*
1843 461 1975 515 εσιλκξε
1997 480 2064 516 μου
2091 478 2156 504 w
2178 465 2391 516 δεςμεςωπ
2418 454 2529 514 αἰῶ]
2584 454 2730 518 QOd
2765 454 2823 500 ad

1554 516 1815 567 sententiam
1847 523 2022 577 attinet,
2069 535 2234 583 parum
2270 518 2404 566 refert
2436 531 2592 565 utrum
2629 531 2821 582 θεμερωπιν

1554 599 1611 630 an
1645 596 1860 650 θεςμερωπιν
1894 586 2038 650 legas,
2072 585 2199 649 quod
2230 584 2287 632 ad
2311 598 2508 631 metrum
2533 583 2822 647 plurimum;

1552 665 1667 697 voce
1687 655 1810 698 enim
1834 655 1983 715 priore
2006 651 2192 698 admiffa
2216 652 2417 697 ionicum
2441 651 2541 706 erit,
2577 651 2715 696 altera
2740 667 2819 697 an—

1552 714 1842 779 tispasticum.
1908 718 2034 764 Cum
2066 732 2176 763 vero
2199 718 2467 763 terminatur
2500 715 2652 762 versus
2678 716 2822 763 ditro-

1521 834 1526 838 ,
1550 781 1701 839 chaeo,
1736 783 1809 828 vel
1832 784 2017 845 epitrito
2040 781 2235 829 secundo
2257 794 2444 845 propter
2464 789 2666 843 aJioeeopov,
2702 798 2815 844 quo-

1549 862 1655 893 rum
1678 847 1850 911 pedum
1876 860 2067 911 uterque
2093 862 2202 894 cum
2235 859 2381 893 metro
2405 848 2557 893 ionico
2578 860 2820 905 mames-m,

1549 927 1657 958 cum
1698 912 1979 976 antispastico
2023 926 2269 968 ανππαθειαν,
2329 912 2483 967 habet,
2536 912 2818 960 celeberrimi

1549 977 1725 1024 Bentleii
1747 978 1975 1026 sententiae
1999 978 2166 1025 accedo
2189 980 2376 1042 legentis
2401 989 2609 1042 θεμερωτην,
2645 991 2697 1025 ut
2719 995 2818 1026 ver-

1550 1042 1620 1089 fiis
1646 1042 1697 1090 sit
1719 1045 1894 1091 ionicus
1919 1059 1945 1090 a
1968 1041 2139 1106 majore
2162 1046 2365 1091 trimeter
2386 1042 2672 1099 acatalec‘tus,
2708 1060 2818 1090 con-

1463 1106 1472 1113 *
1549 1107 1668 1156 stans
1696 1124 1752 1156 ex
1779 1109 2035 1157 ditrochaeo
2075 1111 2170 1171 (cui
2206 1111 2251 1154 in
2282 1108 2559 1172 antistropha
2583 1109 2819 1172 respondet

1550 1174 1746 1231 ionicus,
1790 1177 1843 1223 fit
1875 1178 1998 1222 enim
2029 1173 2237 1237 synizesis
2272 1175 2317 1220 in
2355 1189 2467 1221 voce
2508 1177 2714 1238 Νκχμοις)
2754 1177 2818 1221 io-

1550 1241 1673 1297 nico,
1709 1241 1758 1287 δε
1782 1240 2235 1288 iterum'ditrochaeo.
2289 1240 2402 1286 Non
2426 1238 2525 1286 satis
2552 1243 2690 1303 igitur
2711 1256 2818 1287 cau-

1551 1304 1608 1352 sae
1637 1305 1700 1353 est
1719 1323 1860 1369 quare
1889 1309 1988 1354 viro
2012 1306 2053 1353 se
2077 1306 2214 1369 longe
2246 1305 2477 1368 longeque
2498 1306 2729 1351 eruditiori
2755 1310 2819 1355 in-

1549 1369 1681 1418 sultet
1703 1374 1923 1430 Pauwius,
1961 1374 2093 1419 metri
2116 1373 2424 1435 ignorantiam
2447 1373 2488 1418 ei
2516 1371 2818 1434 exprobrans,

1549 1452 1631 1484 nec
1655 1437 1738 1485 fibi
1770 1450 2004 1503 tantopere
2036 1437 2305 1502 gratuletur,
2341 1436 2467 1499 quasi
2503 1452 2598 1482 rem
2635 1437 2694 1484 ab
2717 1453 2819 1485 eru-

1548 1502 1655 1550 ditis
1679 1504 1893 1551 hactenus
1915 1504 2174 1568 ignoratam
2197 1503 2376 1565 primus
2402 1501 2685 1565 explicuerit,
2722 1519 2818 1550 me-

1544 1579 1672 1616 trum
1694 1581 1886 1635 θεμερωπν
1906 1569 2110 1633 respuere
2134 1568 2345 1614 aiidaeter
2365 1570 2685 1631 pronuncians.
2726 1569 2817 1616 Sed

1546 1634 1611 1681 ita
1638 1634 1802 1683 scilicet
1832 1636 2089 1698 comparati
2122 1633 2223 1682 sunt
2256 1632 2436 1680 homini
2468 1633 2632 1681 mores.
2704 1634 2816 1682 Sen-

1541 1703 1700 1748 tentiae
1722 1715 1875 1751 autem
1899 1702 2146 1750 Bentleianae
2177 1698 2504 1747 confirmandae
2535 1715 2626 1747 non
2649 1715 2815 1764 parum

1538 1764 1737 1824 confert,
1770 1767 1901 1832 quod
1935 1766 2056 1831 apud
2087 1766 2267 1814 nullum
2301 1762 2562 1830 scriptorem
2592 1766 2815 1814 Graecum

1543 1836 1766 1896 reperitur
1802 1845 1980 1896 δεςμεςος.
2054 1834 2169 1880 Non
2207 1831 2331 1879 enim
2367 1832 2524 1878 omnia
2562 1847 2670 1895 quae
2718 1848 2816 1880 non

1543 1899 1722 1961 prorsus
1758 1899 1923 1963 respuit
1952 1898 2183 1963 analogia,
2219 1896 2370 1944 statim
2407 1896 2507 1944 sunt
2542 1898 2812 1961 arripienda,

1543 1964 1624 2011 nifi
1659 1966 1841 2013 accedat
1879 1966 2165 2029 Scriptorum
2201 1965 2339 2010 etiam
2376 1963 2640 2011 auctoritas
2697 1965 2813 2011 Ver-

1544 2031 1659 2079 bum
1697 2031 1886 2096 quidem
1926 2042 2179 2093 θεςμεςυνεθω
2229 2029 2354 2093 apud
2388 2029 2593 2076 Pollucem
2630 2029 2708 2076 lib.
2736 2047 2808 2078 vt.

1542 2113 1643 2161 cap.
1668 2115 1747 2157 40.
1785 2097 1967 2162 legitur,
2004 2095 2077 2143 sed
2110 2108 2378 2158 corruptum
2415 2095 2498 2141 effe
2528 2095 2724 2151 videtur,
2760 2096 2810 2143 &

1540 2163 1853 2227 reponendum
1877 2174 2127 2226 θεμερυνεθωι,
2162 2161 2425 2208 auctoribus
2449 2161 2605 2207 codice
2632 2161 2809 2209 Falken-

1530 2229 1737 2292 burgiam
1759 2230 1807 2276 δε
1825 2228 2032 2291 Hesjrchz'o,
2069 2227 2191 2291 apud
2225 2242 2365 2290 quem
2397 2226 2592 2274 verbum
2624 2226 2712 2272 hoc
2734 2243 2809 2274 ex-

1538 2298 1726 2358 ponitur
1761 2311 1843 2359 per
1874 2307 2098 2356 ammom,
2146 2292 2268 2341 sensu
2304 2293 2386 2356 qui
2423 2292 2530 2339 loco
2561 2292 2629 2339 isti
2662 2292 2810 2342 Pollu-

1537 2365 1595 2410 cis
1630 2362 1837 2426 adprime
1869 2362 2106 2409 convenit.
2183 2358 2303 2407 Vide
2344 2358 2519 2407 Bentleii
2559 2358 2705 2423 Epist.
2747 2359 2808 2407 ad

1536 2429 1664 2477 Mill.
1687 2445 1734 2492 p.
1758 2427 1834 2475 66.

1478 2510 1585 2558 135.
1623 2496 1721 2542 Hic
1739 2491 1895 2541 versus
1917 2492 2107 2540 minime
2127 2506 2216 2556 pro
2239 2490 2440 2538 iambico
2462 2489 2526 2538 est
2550 2490 2804 2550 habendus,

1535 2576 1643 2608 cum
1676 2559 1826 2608 sedem
1861 2558 2102 2606 secundam
2142 2557 2349 2605 obtineat
2376 2555 2646 2620 anapaestus.
2710 2559 2806 2606 Re-

1534 2643 1642 2674 vera
1679 2625 1979 2691 prosodiacus
2018 2624 2082 2671 est
2122 2625 2325 2671 trimeter
2363 2622 2622 2681 catamitus,
2670 2624 2804 2688 quod

1536 2695 1669 2740 metri
1690 2707 1836 2756 genus
1861 2690 2091 2738 interdum
2117 2689 2324 2737 iambicis
2354 2688 2550 2752 syzygiis
2574 2691 2804 2737 terminari

1532 2759 1654 2806 testis
1677 2757 1741 2804 est
1758 2756 1988 2820 Scholiastes
2010 2756 2067 2803 ad
2089 2755 2294 2817 Hephaest.
2315 2771 2363 2818 p.
2387 2770 2463 2816 52.

1473 2826 1580 2887 136.
1619 2825 1749 2888 Lege
1771 2835 1835 2880 At,
1870 2847 1923 2877 αι,
1958 2847 1996 2870 eu
2019 2846 2057 2870 m
2081 2834 2134 2868 ut
2156 2821 2209 2868 sit
2233 2820 2347 2867 basis
2369 2820 2652 2883 anapaestica.

1472 2907 1579 2953 150.
1617 2903 1699 2949 Ζευς
1726 2900 1898 2948 abique&
1929 2888 2105 2952 κρατυνει]
2155 2887 2285 2950 Lege
2319 2888 2510 2932 omnino
2540 2901 2649 2932 cum
2675 2885 2803 2932 Bent-

1529 2957 1603 3003 leio
1635 2957 1715 3004 ubi
1750 2953 1899 3017 supra,
1935 2953 2201 3015 astipulante
2223 2951 2410 3014 Hcsschii
2432 2952 2723 3008 auctoritate,
2751 2953 2802 2999 &

1530 3023 1741 3086 exigente
1765 3031 1928 3077 metro,
1961 3029 2117 3066 nemas.

1852 3113 1909 3122 —
1934 3090 1982 3132 ὥς
2003 3107 2099 3145 (mm
2125 3094 2221 3137 δέος,

1663 3166 1769 3201 Mun
1787 3175 1839 3201 πς
1864 3166 1971 3198 amoc
2003 3151 2131 3198 wod?
2151 3149 2335 3209 ἐπεγκὲςι]
2383 3146 2597 3194 Verbum
2640 3160 2801 3210 §mystea

1529 3217 1804 3282 particulam
1837 3239 1880 3265 αν
1916 3218 2138 3263 comitem
2175 3214 2411 3260 necessario
2446 3215 2647 3276 requirit.
2708 3215 2802 3261 Le-

1531 3283 1736 3347 gendum
1756 3283 1898 3347 igitur
1918 3283 2006 3342 μή
2027 3305 2067 3329 αν
2090 3292 2185 3335 3205,
2215 3294 2330 3325 voce
2353 3291 2435 3331 θεας
2457 3279 2503 3324 in
2526 3278 2801 3341 monosylla-
2856 3279 2861 3283 ’

1531 3350 1639 3395 bam
1657 3348 1909 3395 contracta.
1975 3347 2203 3410 Lepidam
2230 3358 2382 3391 autem
2406 3345 2634 3390 rationem
2658 3345 2804 3391 reddit

1531 3415 1755 3469 Pau-wius,
1793 3428 1933 3476 quare
1955 3414 2096 3460 Poeta
2118 3433 2210 3471 μκπ
2235 3433 2293 3458 τις
2310 3425 2429 3464 moe,
2454 3411 2502 3455 &
2522 3426 2612 3455 non
2634 3433 2726 3469 μνη
2751 3433 2804 3459 m

1532 3491 1732 3542 ανθρωπυς,
1768 3478 1968 3533 dixerit·,
2018 3480 2062 3524 in
2098 3478 2197 3523 imo
2232 3474 2396 3522 scilicet
2431 3489 2599 3521 tartaro
2629 3491 2723 3521 non
2754 3492 2802 3521 e-

1534 3558 1635 3594 rant
1657 3556 1848 3606 ave-geom«.
1913 3544 2066 3590 Immo
2091 3558 2144 3590 ne
2167 3552 2242 3588 3201
2273 3544 2462 3603 quidem
2493 3543 2574 3602 qui
2608 3542 2803 3589 Prome-

1743 3611 1782 3670 †
1815 3610 1864 3657 A
1901 3624 1924 3656 2
2713 3604 2808 3653 thei
