3068 4224
208 301 294 361 32
555 232 558 236 ¹
1069 278 2037 356 ffNoTsAEVINf

208 413 269 459 V.
301 409 441 474 1785.
479 423 579 471 nguv
601 431 766 471 αχαςιςτν
802 429 847 457 εις
876 416 975 457 δέους
1004 410 1180 469 ὣεΓουσα]
1231 411 1540 459 penultimam
1609 410 1688 460 Ad
1706 426 1752 457 V.
1774 425 1905 472 1429.
1931 408 2006 454 lin.
2036 411 2106 455 18.
2141 407 2243 471 lege
2266 408 2841 467 caeptoamwcum-Hardione
2854 410 2937 460 Ubi

273 478 322 522 in
343 498 510 542 apcoeptm
533 475 700 536 corripi
721 487 837 535 puto
859 485 911 519 ut
932 473 1082 519 versus
1107 474 1160 522 fit
1182 475 1436 529 trochaicus
1460 480 1541 524 tri·
1672 475 1802 539 supra
1825 490 1871 537 p.
1903 488 2010 536 179.
2427 484 2430 485 ’

275 554 420 588 meter
451 539 866 601 brachycatale&us
896 539 1051 585 similis
1073 539 1362 602 praecedenti.
1423 542 1543 588 Vide
1614 556 1755 602 1514.
1780 539 1858 587 lin.
1883 555 1925 602 3.
1943 554 1988 598 4.
2004 553 2048 599 5.
2084 536 2209 586 Haec
2225 537 2340 584 adv.
2360 554 2500 603 1529.
2532 513 2936 604 1530Jper‘tinent.

275 621 383 669 quae
407 606 666 651 notavimus
690 603 748 650 ad
770 604 874 664 Cycl.
901 619 945 650 v.
973 620 1051 665 52.
1090 604 1149 651 ad
1170 606 1320 653 Hecub.
1349 610 1455 667 184.
1493 608 1543 654 &
1615 606 1756 669 1546.
1781 604 1861 651 lin.
1890 621 1933 667 3.
1966 620 2012 662 4.
2047 617 2090 663 5.
2136 610 2153 651 ἥ
2187 613 2228 651 .st
2259 623 2346 658 ropac
2367 605 2458 652 ὅτε.
2510 605 2634 652 Haec
2672 606 2729 653 ad
2752 606 2938 658 lv'ersum

268 671 335 717 ,ad
358 670 509 719 Eleblr.
528 685 640 728 444.
803 676 805 679 “
1673 672 1881 734 proxime
1903 668 2241 717 antecedentem
2265 667 2416 717 referri
2436 669 2618 718 debent.

1770 820 1794 840 p.
1830 776 1929 825 IN
1976 776 2734 826 PARAPHRASTEM·

1612 870 1665 916 P.
1695 885 1804 928 ²44-
1829 869 1906 916 lin.
1933 885 1973 916 1.
2014 868 2115 934 lege
2148 883 2339 927 amasus,
2373 869 2600 935 Scholicfies
2631 872 2757 932 enim
2776 869 2945 922 Dorice

1680 950 1772 982 non
1794 934 1958 982 scribit.
2216 955 2220 959 ·
2528 943 2531 946 '
2606 939 2612 943 “

1617 1004 1726 1062 258.
1752 1001 1783 1048 1.
1810 1016 1854 1047 2.
1889 1015 1976 1063 pro
1995 1023 2054 1048 πυ
2076 1024 2193 1058 aaron,
2218 1001 2317 1066 lege
2337 1024 2472 1051 πυτου.

476 823 576 873 IN
630 825 1278 874 SCHOLIASTEM

213 935 308 984 Ad.
335 952 381 982 v.
413 947 554 997 1337.
584 931 616 979 l.
640 948 683 994 3.
719 931 820 996 lege
838 957 1185 998 mmngmmnwm.
1270 971 1273 973 ,

218 1003 361 1065 1358.
387 999 463 1048 lin.
487 998 529 1044 6.
559 995 714 1045 forsan
736 1020 866 1062 αρεςυς.

215 1268 533 1334 Strz'Hu-rae
584 1268 854 1358 quaedam
913 1267 999 1332 ad
1055 1270 1251 1333 Notas
1295 1262 1760 1355 VALCKENARH
1824 1268 1909 1337 &³
1969 1265 2383 1334 MARKLANDI
2432 1258 2944 1360 in-PHoEN-rssas

919 1380 925 1385 ’
1145 1365 1476 1447 nuperrime
1513 1365 1574 1424 in
1615 1361 1794 1426 lucem
1825 1360 2024 1426 editas.
2418 1444 2427 1449 .
2594 1395 2605 1407 ·
2695 1393 2702 1441 j
2826 1391 2948 1450 αρ’

217 1517 502 1567 Effluxera‘nt
508 1516 608 1580 jam
628 1517 732 1564 anni
747 1517 940 1581 aliquot,
952 1515 1176 1564 Benevole
1190 1517 1438 1574 Lettorssx
1455 1532 1550 1581 quo
1682 1536 1788 1566 rum
1821 1519 2132 1584 ‘cognitionem
2166 1519 2558 1575 accuratissimam,
2602 1511 2858 1584 talemque,
2884 1495 2953 1572 ¹ut

283 1595 414 1630 notas
444 1581 570 1630 hasce
607 1581 938 1647 qualescunque
966 1584 1012 1629 in
1035 1575 1250 1644 Edrspidis
1270 1598 1377 1646 quae
1400 1583 1549 1646 super-

280 1648 386 1695 sunt
401 1649 682 1695 monimenta
701 1647 925 1695 absolutas
942 1645 1377 1711 seposueram,atque
1396 1649 1453 1695 ad
1467 1648 1554 1694 alia

285 1728 362 1760 me
380 1724 708 1770 converteram,
733 1728 880 1776 quum
904 1729 929 1759 a
951 1715 1052 1759 viro
1067 1713 1323 1770 clariffimo,
1349 1714 1555 1776 mihique

278 1779 458 1842 ¹sem-per
484 1779 809 1836 colendissimo,
851 1779 1042 1841 Johanne
1061 1780 1221 1826 Burton
1255 1780 1300 1826 S.
1327 1780 1373 1827 S.
1399 1780 1463 1826 T.
1488 1780 1550 1825 D.

203 1861 208 1867 ·
283 1845 336 1891 ’δε
373 1843 536 1907 Collegi&
567 1844 775 1904 Etormfis
810 1845 943 1891 Socio
982 1843 1259 1907 dignissimo,
1306 1845 1554 1892 editionem

285 1925 456 1956 novam
480 1909 842 1973 Tragoediarum
867 1910 1137 1956 Graecarum
1170 1911 1375 1973 quinque
1406 1907 1554 1957 fortu-

286 1990 367 2022 nas
399 1975 567 2039 Oedipi
604 1972 785 2038 ejusque
823 1974 1072 2022 liberorum
1114 1977 1457 2038 attingentium,
1509 1976 1556 2020 in

286 2039 417 2087 usum
441 2040 621 2088 Scholae
651 2039 774 2087 istius
796 2057 877 2104 per
898 2052 1045 2086 totam
1073 2040 1294 2103 Angliam
1319 2040 1554 2088 celeberri-

289 2120 381 2151 mae
404 2106 665 2162 adornante,
701 2122 782 2169 per
803 2107 950 2153 literas
972 2106 1250 2169 interpeller,
1286 2107 1352 2162 δε,
1388 2106 1421 2154 fi
1444 2105 1556 2169 quid

288 2173 337 2217 in
358 2170 523 2218 scriniis
553 2171 766 2218 haberem
804 2171 929 2235 quod
952 2171 1087 2234 ipsius
1110 2171 1343 2235 proposito
1374 2187 1555 2218 accom-

286 2237 468 2284 modari
490 2236 652 2300 potest,
689 2238 738 2283 8ῑ
757 2249 809 2284 ut
830 2236 981 2283 secum
1005 2239 1344 2284 communicare
1369 2236 1554 2293 vellem,

231 2303 235 2306 ’
286 2317 442 2365 rogor.
516 2301 613 2366 Ipse
642 2301 808 2359 statim,
844 2304 919 2349 cui
947 2301 1202 2365 quidquam
1225 2303 1325 2349 viro
1348 2303 1555 2349 amicissi·

290 2383 372 2413 mo
394 2367 617 2431 denegare
651 2368 812 2430 religio
851 2366 955 2423 fuit,
992 2367 1204 2414 adnotata
1234 2383 1336 2414 mea
1366 2370 1414 2415 in
1437 2369 1555 2414 Tra-

292 2433 470 2495 goedias
494 2433 593 2495 istas
627 2433 897 2489 transmitto,
932 2430 1026 2494 ejus
1057 2433 1240 2479 arbitrio
1271 2434 1434 2480 cunc‘ta
1455 2448 1557 2496 per-

292 2499 492 2554 mittens,
528 2510 580 2545 ut
608 2498 665 2546 de
701 2501 755 2545 iis
795 2514 880 2561 pro
912 2497 1079 2553 lubitu,
1116 2500 1165 2544 δε
1187 2511 1324 2561 prout
1347 2513 1556 2545 commo—

291 2563 406 2609 dum
429 2563 672 2619 videretur,
707 2563 976 2610 decerneret.
1048 2564 1180 2611 Hinc
1202 2576 1411 2627 excerpta
1437 2563 1559 2609 haud

290 2644 441 2691 pauca
471 2630 518 2675 in
551 2628 873 2692 supplementis
919 2628 1104 2676 editioni
1139 2629 1207 2677 isti
1242 2628 1448 2692 subjectis
1489 2630 1559 2674 in-

230 2694 241 2701 ’
290 2692 419 2750 serta,
454 2694 675 2741 nonnulla
711 2709 820 2741 vero
859 2694 1000 2756 paulo
1039 2695 1164 2741 aliter
1197 2710 1339 2758 quam
1375 2694 1556 2749 vellem,

293 2774 528 2822 quamque
563 2759 732 2807 schedis
773 2762 885 2806 meis
922 2759 1066 2822 pofita
1095 2771 1239 2816 erant,
1290 2760 1361 2806 edi
1403 2760 1560 2823 depre-

293 2823 479 2878 hendo·,
528 2840 669 2887 quam
702 2840 799 2871 rem
824 2826 1017 2887 negotiis
1041 2825 1370 2887 multiplicibus
1393 2825 1561 2888 quibus

294 2905 410 2950 pene
433 2889 627 2936 obrutus
657 2890 720 2936 est
751 2892 822 2936 vir
860 2890 1222 2946 humaniffimUS,
1258 2892 1305 2937 &
1330 2891 1561 2937 brevitatis

296 2950 464 3010 studio,
493 2969 642 3018 quam
667 2955 878 3017 exigebat
898 2954 1033 3017 plane
1056 2955 1328 3002 Scholarum
1350 2968 1560 3002 commo-

297 3021 365 3067 dis
405 3019 647 3066 destinatus
683 3019 812 3076 liber,
859 3022 1050 3066 omnino
1082 3020 1412 3084 'imputandum
1449 3020 1562 3066 mihi

295 3084 556 3148 persuasum
575 3084 659 3132 est.
723 3084 979 3132 Prodeunte
1000 3086 1186 3132 tandem
1209 3087 1255 3132 in
1277 3086 1427 3132 lucem
1451 3087 1561 3133 Pen-

297 3151 459 3212 talogiae
484 3150 615 3197 istius
647 3149 859 3205 editione,
902 3150 1108 3207 edoceor,
1144 3152 1402 3214 nuperrime
1425 3151 1563 3197 etiam

299 3215 422 3278 apud
456 3216 642 3262 Batavos
669 3215 808 3262 editas
832 3215 1054 3278 Phoeniffas
1074 3215 1319 3278 Euripideas
1340 3217 1563 3263 Valckena-

298 3283 356 3326 rii
372 3280 645 3341 amplissimo
662 3283 992 3327 commentario
1015 3280 1263 3328 instruktas.
1302 3279 1460 3343 Hujus
1478 3283 1564 3328 viri

230 3366 233 3371 ¹
294 3343 581 3391 celeberrimi
604 3345 905 3391 eruditionem
941 3345 1228 3408 singularem,
1263 3347 1565 3409 peritiamque

303 3408 690 3472 Graecae'linguae
722 3412 958 3466 eximiam,
1010 3426 1064 3456 ex
1105 3411 1566 3458 animadversionibus

301 3476 349 3520 in
373 3475 626 3520 Ammonium
658 3475 770 3522 mihi
806 3488 953 3530 notas,
988 3473 1088 3537 jam
1123 3476 1235 3522 olim
1271 3475 1564 3539 suspexeram.
1627 3490 1630 3493 ’

304 3538 494 3601 Absque
518 3554 647 3585 mora
670 3542 810 3602 igitur
826 3554 1090 3603 comparato
1108 3540 1225 3587 libro
1249 3542 1297 3588 δε
1316 3541 1447 3588 avide'
1463 3557 1566 3602 per-

304 3603 438 3659 lecto,
464 3605 618 3650 omnia
642 3606 949 3668 expectatione
976 3605 1112 3668 longe
1138 3607 1367 3670 longeque
1397 3604 1570 3668 majora

303 3671 478 3732 reperio
500 3686 508 3717 :
539 3669 717 3718 Graecae
736 3670 907 3734 linguae
921 3672 1223 3736 omniumque
1239 3669 1333 3736 ejus
1355 3671 1571 3734 dialectof

1682 1587 1763 1636 vix
1790 1586 1838 1632 in
1868 1600 1963 1632 uno
1996 1583 2194 1630 alterove
2222 1583 2468 1632 ex'Graece
2489 1584 2750 1642 doctissimis
2774 1598 2952 1650 pai-etri,

1684 1652 1732 1697 in
1756 1652 1935 1698 nemine
1956 1647 2106 1697 forsan
2128 1647 2497 1706 cumulatiorem,
2525 1649 2772 1714 ¹agnoscere
2794 1650 2953 1708 detur3

1688 1715 1956 1763 immensam
1997 1713 2259 1761 eruditionis
2298 1713 2599 1779 philologicae¹
2638 1717 2820 1781 copiam
2843 1742 2859 1773 3
2907 1717 2957 1765 in

1685 1780 1977 1845 scriptoribus
2009 1779 2186 1827 Graecis
2221 1781 2478 1844 omnigenis
2518 1780 2784 1843 evolvendis
2818 1794 2958 1847 atque

1684 1845 1931 1910 pendendis
1971 1844 2199 1893 summam
2237 1847 2623 1904 exercitationem,
2668 1846 2974 1921 diligentiam*

1687 1913 1974 1975 exquisitam,
1997 1908 2230 1974 judicium
2254 1926 2370 1959 acre-
2387 1912 2436 1960 δε
2467 1910 2726 1970 stibadium,
2750 1912 2957 1978 judicio-

1690 1993 1780 2040 que
1819 1994 1901 2041 par
1944 1992 2152 2024 acumen.
2227 1977 2352 2024 Cum
2389 1989 2544 2026 tamen
2568 1977 2763 2034 humani.
2785 1978 2959 2043 ingenii

1691 2042 1892 2090 conditio
1915 2042 2172 2106 quidquam
2194 2058 2251 2089 ex
2267 2044 2396 2090 omni
2417 2054 2544 2106 parte
2564 2040 2819 2108 perfeetum
2835 2043 2962 2105 haud

1687 2107 1819 2165 ferat,
1854 2111 2009 2156 virum
2036 2107 2384 2155 celeberrimum
2408 2108 2598 2169 humani
2619 2109 2758 2158 etiarn
2781 2106 2960 2174 aliquid

1690 2173 1919 2220 interdum
1941 2172 2118 2236 passum
2142 2175 2332 2221 minime
2353 2173 2415 2220 est
2437 2174 2624 2223 mirum.
2674 2173 2975 2239 Exquilinam

1688 2254 1787 2285 rem
1811 2240 1874 2286 rei
1897 2239 2099 2293 metricae
2123 2239 2333 2284 notitiam
2365 2240 2414 2285 in
2443 2235 2717 2304 tragoediam
2739 2236 2961 2302 ,Graecam

1689 2304 1849 2351 edente
1870 2302 2018 2351 forsan
2039 2303 2202 2366 aliquis
2224 2302 2550 2352 desideraverit.
2608 2306 2852 2371 Praecipue
2872 2321 2960 2367 ³auf

1689 2381 1784 2416 tem
1809 2382 1935 2420 Κυωα
1958 2374 2060 2428 digua
2089 2368 2195 2415 duae
2228 2384 2335 2415 eum
2371 2366 2641 2433 saepiuscule-
2660 2368 2960 2433 transversum

1692 2435 1827 2497 egisse
1849 2435 2076 2483 videntur.
2134 2433 2291 2480 “Hac
2315 2434 2532 2498 loquendi
2554 2433 2708 2491 forma
2736 2431 2845 2496 alibi
2865 2452 2962 2498 non

1693 2506 1727 2526 “
1745 2498 1849 2546 usus
1884 2499 1950 2547 estv
1983 2498 2201 2561 Euripides
2225 2522 2239 2554 3
2270 2500 2435 2547 ‘statim
2474 2502 2618 2565 igitur
2657 2502 2960 2566 immutanda,

1662 2613 1667 2615 t
1692 2571 1726 2592 “
1746 2565 1858 2612 Hoc
1879 2564 2029 2621 versu,
2064 2564 2138 2611 vel
2168 2564 2238 2611 his
2272 2565 2492 2622 versibus,
2536 2564 2781 2615 commode
2810 2582 2962 2627 carere
2991 2596 2993 2598 ·

1694 2636 1729 2657 “
1747 2630 1894 2694 potest
1916 2629 2157 2685 sententia;
2195 2630 2317 2677 illico
2340 2630 2479 2694 igitur
2501 2631 2629 2679 velut
2651 2627 2893 2694 adulterini
2910 2633 2963 2681 ’ὅτ

1694 2697 1802 2742 “ab
1839 2695 2158 2759 interpolatore
2192 2693 2383 2758 profefiti
2420 2697 2764 2748 exturbantor.’,'
2820 2698 2869 2746 Si·
2904 2698 2964 2761 aid
3021 2723 3023 2725 ·
3050 2698 3053 2702 '

1693 2761 1774 2808 has
1807 2761 1987 2824 regulas
2022 2759 2328 2807 recenseantur
2362 2761 2410 2807 δε
2443 2765 2729 2826 corrigantur
2755 2765 2989 2822 veterum,
3052 2810 3058 2818 ‚

1692 2826 1874 2891 scripta,
1932 2839 2103 2890 quanta
2151 2827 2199 2872 in
2243 2827 2296 2873 iis
2339 2827 2508 2891 strages
2558 2828 2762 2888 edendae,
2787 2887 2789 2889 ¹
2818 2843 2964 2892 quam

1693 2904 1939 2954 promptus
1986 2890 2044 2938 ad
2085 2906 2163 2939 eos
2201 2892 2557 2954 corrumpendos
2596 2887 2962 2959 mutilandosque

1694 2957 1881 3019 patefiat
1900 2957 2064 3013 aditus,
2090 2972 2226 3004 nemo
2248 2973 2341 3004 non
2363 2957 2500 3004 videt.
2541 2960 2708 3024 Qum
2728 2961 2869 3024 igitur
2889 2959 2969 3013 yer
2978 3004 2979 3007 ,

1695 3021 1787 3068 sola
1809 3025 1921 3069 tanti
1949 3023 2033 3087 viri
2066 3022 2310 3070 austorstas
2340 3023 2464 3086 apud
2494 3024 2694 3072 eruditos
2729 3018 2964 3091 plerosque

1696 3088 1950 3150 plurimum
1974 3087 2144 3150 pollere
2177 3085 2273 3149 jure
2310 3088 2488 3146 debeat,
2526 3106 2583 3136 ne
2606 3088 2777 3154 scriptis
2807 3090 2964 3150 Poetae

1698 3152 1852 3209 nostri,
1886 3169 2027 3216 quem
2051 3151 2367 3201 recensendum
2391 3153 2801 3219 illustrandumque
2823 3152 2964 3215 susceq

1696 3220 1868 3280 pimus,
1887 3215 2205 3281 praejudicium
2228 3218 2317 3265 hoc
2339 3217 2550 3267 futurum
2573 3219 2627 3267 fit
2645 3216 2815 3282 fraudi,
2839 3218 2964 3281 stric-

1696 3296 1819 3330 turas
1843 3283 2060 3347 quasdam
2099 3284 2155 3330 ad
2191 3284 2449 3340 Valckenarii
2483 3298 2612 3333 notas
2646 3286 2765 3342 curis
2804 3281 2964 3338 nostris
3012 3314 3025 3339 χ

1697 3349 1925 3411 prioribus
1964 3348 2142 3405 addere,
2181 3365 2263 3395 nec
2299 3366 2392 3397 non
2425 3352 2707 3414 paucissimas
2745 3347 2964 3414 quasdam
3029 3362 3032 3371 ⁴

1696 3412 1947 3460 Marklandi
1981 3414 2386 3477 animadversiones
2419 3415 2477 3462 ad
2513 3413 2704 3463 examen
2721 3423 2964 3478 revocare,

1700 3477 1760 3524 ab
1777 3480 1930 3525 officio
1952 3479 2103 3526 nostro
2120 3479 2244 3525 haud
2258 3479 2457 3527 alienum
2472 3481 2561 3528 effe
2571 3479 2815 3539 duximus5
2837 3480 2966 3544 quod
3028 3528 3035 3531 ,

1699 3544 1905 3589 virorum
1946 3543 2303 3591 doftiffirnorum
2341 3546 2462 3592 bona
2491 3562 2599 3594 cum
2632 3548 2781 3602 venia,
2815 3545 2966 3609 dehita
3013 3587 3022 3593 ,
3055 3562 3062 3564 *

1691 3607 1864 3655 ‘scilicet
1893 3624 2053 3656 eorum
2090 3610 2136 3655 in
2167 3610 2498 3673 rempublicam
2513 3611 2776 3676 :literariam
2797 3612 2968 3684 metitis
3006 3663 3009 3669 Ἴ

1700 3672 1945 3722 reverentia
1978 3673 2148 3738 ubique
2169 3674 2340 3735 habita,
2376 3691 2459 3726 nos
2481 3674 2635 3727 fecisse*
2651 3692 2744 3727 non
2761 3675 2965 3741 despera·
2994 3683 2996 3685 ·

2847 3756 2966 3789 mus.
