3028 4212
157 323 242 382 74

219 429 539 492 tempestatum
575 432 623 477 vi
653 426 833 491 jaffitatis
867 424 1155 476 certiffimam
1184 423 1347 472 effe“ad
1371 422 1486 470 salu-

219 509 313 542 tem
337 497 460 541 viam
485 504 654 540 norunt
677 504 829 539 rerum
851 492 1135 537 nauticarum
1165 492 1312 552 periti.
1362 487 1489 536 Mari

217 573 371 606 autem
396 560 549 621 AEgeo
583 559 830 620 navigatio,
867 567 1054 617 propter
1087 554 1334 602 insularum
1365 554 1489 605 mul-

222 624 482 679 titudinem,
513 638 749 685 nunquam
773 621 911 683 longe
934 636 960 666 a
981 620 1113 671 litore
1133 620 1304 668 institui
1325 619 1487 684 potest.

223 714 255 737 w
276 697 383 752 ὅρμῳ,
419 688 450 734 fi
474 687 530 734 de
541 700 682 754 *portu
706 685 1096 749 interpretandum
1115 685 1236 742 effet,
1263 686 1490 751 fignifica-

222 768 302 810 ret‚
337 756 382 800 in
414 754 496 816 ipsp
521 762 666 815 portu,
702 767 810 807 non,
846 750 974 814 quod
1010 750 1113 797 vult
1143 749 1367 806 Pauwius,
1402 766 1492 799 cum

213 830 380 894 portum
402 822 579 868 intraret
600 818 736 863 navis.
807 817 870 864 Et
901 815 1032 881 quod
1059 828 1249 880 portum
1282 815 1491 866 nondum

220 884 419 935 intr'affet
449 882 816 946 Agamemnonis
851 881 979 933 navis
1009 894 1140 943 'patet
1172 898 1229 928 ex
1266 880 1492 945 sequenti-

221 950 326 1004 bus,
362 970 491 997 eom-m
514 952 548 994 st
573 973 634 981 -—
658 965 890 1006 πεφευγοπς.
942 946 1187 995 Ledkorem
1211 959 1365 994 autem
1390 959 1493 992 mo-

220 1030 324 1065 nere
345 1013 473 1083 quod
494 1034 662 1072 κυματος
684 1027 793 1064 cum
816 1019 909 1076 ὅρμῳ
926 1009 1064 1077 jungi
1088 1012 1242 1070 debet,
1267 1029 1358 1061 non
1383 1026 1492 1058 curn

219 1079 340 1140 ζαλμν,
375 1073 653 1145 superfluum
675 1075 826 1123 forsan
851 1077 1202 1130 existimabitur.

160 1145 212 1190 V.
239 1145 345 1192 680.
375 1144 484 1190 681.
514 1143 624 1202 682.
678 1143 872 1190 Poetam
896 1142 1065 1206 absque
1087 1144 1218 1191 causa
1242 1143 1315 1191 hic
1344 1158 1494 1205 repre-

220 1211 376 1258 hendit
399 1210 631 1264 Pauwius3
684 1224 791 1271 quae
822 1211 945 1255 enim
982 1208 1093 1257 dicit
1124 1210 1306 1269 Chorus
1341 1210 1495 1272 potius

221 1272 327 1321 laeta
350 1274 450 1320 sunt
509 1288 616 1319 uam
638 1273 866 1336 lugubria.
935 1274 1065 1324 Nam
1080 1275 1121 1324 .s1
1150 1277 1496 1339 Agamemnon,

195 1335 398 1387 ’tametsi
437 1289 601 1394 divus,
640 1354 664 1384 a
699 1338 824 1385 sociis
861 1337 972 1388 falso
1009 1340 1181 1402 periiffe
1213 1340 1498 1397 credebatur,

221 1405 316 1469 spes
336 1417 432 1452 erat
450 1403 722 1451 Menelaum
736 1403 956 1468 aliosque,
971 1404 1027 1452 de
1049 1404 1178 1468 cujus
1202 1405 1339 1453 salute
1361 1405 1497 1453 dubi-

222 1471 421 1526 tabatur,
447 1468 592 1526 salvos
617 1468 755 1516 etiam
778 1470 861 1517 effe
884 1471 1020 1532 posse.
1062 1471 1126 1517 Et
1148 1471 1180 1518 si
1205 1472 1406 1518 maxime
1429 1471 1501 1518 lu-

223 1538 391 1601 gubria
428 1535 581 1593 essent,
629 1550 684 1581 eo
723 1551 815 1582 non
855 1537 1006 1582 minus
1043 1535 1135 1583 huc
1176 1538 1498 1592 convenirent;

225 1618 336 1649 mox
360 1603 482 1649 enim
506 1599 632 1663 sequi
654 1599 789 1647 debet
813 1603 1183 1664 Agamemnonis
1207 1602 1365 1650 caedeS.
1414 1603 1501 1650 Per

225 1668 534 1716 oeconomiam
560 1664 723 1712 scilicet
745 1667 1105 1730 pulcherrimam
1130 1666 1241 1715 facit
1265 1670 1424 1724 Poeta,
1448 1680 1501 1714 ut

225 1735 403 1789 Praeco,
426 1731 570 1779 Chori
591 1729 983 1779 sollicitationibus
1002 1736 1284 1798 propriaque
1307 1734 1501 1798 garruli-

225 1799 318 1846 tate
342 1800 505 1854 νίξὶυε,
531 1795 724 1844 infausta
743 1797 844 1844 haec
868 1798 925 1844 de
945 1798 1234 1850 Achivorum
1259 1798 1503 1862 naufragio
1565 1798 1569 1807 “

226 1863 520 1911 faustioribus
557 1861 824 1919 immisceat,
877 1864 1004 1926 quasi
1045 1863 1184 1912 cladis
1225 1866 1504 1912 imminentis

227 1932 500 1994 praenuntia.
566 1928 643 1975 Ne
677 1927 838 1975 dicam
860 1927 1034 1976 fabulae
1061 1930 1503 1978 verisimilitudinem

227 1997 333 2043 hinc
364 2005 495 2041 tanto
532 1993 682 2056 magis
718 1993 911 2052 elucere,
962 2008 1138 2058 quanto
1174 1998 1507 2060 Agamemnon

226 2061 363 2108 sociis
381 2060 430 2107 δε
453 2060 653 2106 exercitu
676 2058 936 2118 destitutus,
959 2062 1133 2124 vixque
1152 2078 1245 2110 una
1267 2078 1376 2109 cum
1400 2063 1508 2109 navi

227 2124 418 2191 portum
443 2127 689 2187 attingens,
706 2127 855 2189 magis
870 2126 1071 2190 AEgisthi
1091 2128 1140 2174 δε
1162 2127 1509 2190 Clytemnestrae

231 2192 399 2240 insidiis
422 2190 652 2254 expositus
675 2191 724 2238 ὅτ
747 2203 1038 2255 opportunus
1061 2193 1318 2241 videbatur.

171 2258 280 2321 685.
319 2273 362 2305 Ee
393 2257 437 2303 Δ(
460 2279 513 2305 ουν
535 2279 589 2305 τις
610 2277 712 2306 anm
733 2263 826 2304 ἥλιον
856 2280 902 2307 νιν
931 2257 1063 2319 fruges]
1117 2275 1159 2306 Ει
1187 2260 1281 2307 §aar
1303 2281 1362 2308 τις
1393 2266 1511 2322 ΐςυςει,

233 2322 362 2386 quod
402 2320 561 2385 reponi
601 2321 726 2385 poffe
769 2322 820 2368 &
855 2322 1061 2386 adprime
1103 2326 1345 2372 convenire
1378 2338 1514 2388 putat

235 2389 456 2443 Pauwius‚
493 2402 632 2450 purus
664 2398 804 2451 putus
834 2387 898 2434 est
921 2387 1214 2438 soloecismus.
1280 2391 1354 2439 Ut
1377 2391 1512 2440 Grae-

237 2469 347 2501 cum
371 2453 478 2501 effet
500 2451 630 2500 scribi
662 2453 920 2516 oportebat,
956 2479 986 2503 a
1009 2455 1044 2503 δ’
1062 2478 1106 2506 αν
1128 2479 1186 2506 τις
1206 2463 1311 2520 ἱςυςῃ,
1346 2456 1420 2506 sed
1443 2459 1512 2507 ni-

237 2520 302 2567 hil
326 2518 673 2566 immutandum
694 2518 770 2565 est.
834 2572 838 2577 ,

178 2587 288 2651 692.
318 2586 428 2650 693.
455 2584 563 2650 694.
601 2577 664 2631 Mn
685 2606 743 2632 τις
765 2583 870 2633 ὅντιν’
889 2607 962 2650 ουχ
983 2591 1114 2650 ὅρωμεν

591 2663 780 2713 Προνοιοαστ
804 2672 869 2698 του
891 2672 1126 2715 πεπρωμένου

591 2727 751 2763 sacocum*
774 2737 805 2763 εν
828 2738 931 2779 τυχᾳ
952 2718 1085 2778 νεμων]
1121 2717 1233 2764 Vim
1257 2718 1308 2766 ὅτ
1331 2719 1516 2784 elegan-

242 2782 356 2828 tiam
379 2778 515 2843 hujus
537 2778 627 2826 loci
649 2780 827 2843 prorsus
852 2797 944 2828 non
963 2782 1185 2829 intellexit
1206 2785 1424 2833 Pauwius.
1460 2810 1520 2835 τις

243 2848 345 2896 ὅντιν’
374 2869 447 2910 ουχ
481 2852 624 2907 ὃςωμεν,
672 2846 887 2905 invisibilis
920 2846 1102 2910 quidam,
1145 2849 1198 2909 est
1231 2849 1327 2898 deus
1355 2852 1516 2915 aliquis.

192 2922 196 2926 ’
245 2913 290 2961 Is
313 2928 371 2959 ex
391 2911 671 2974 praescientia
705 2909 782 2957 sua
816 2912 873 2958 de
905 2928 959 2959 eo
998 2913 1126 2976 quod
1157 2913 1255 2961 fato
1285 2917 1519 2964 decretum

184 2983 189 2986 ’
246 2989 341 3025 erat
363 2977 622 3032 infaustus,
659 2976 867 3039 linguam
891 2975 986 3040 ejus
1019 2980 1104 3043 qui
1130 2996 1298 3028 nomen
1320 2982 1520 3039 dederat,

247 3065 280 3091 εν
302 3065 419 3107 τυχᾳ,
455 3044 503 3088 in
536 3057 599 3098 re,
636 3041 684 3087 &
708 3041 861 3088 indole
891 3045 1094 3106 propria,
1130 3046 1179 3092 δε
1201 3047 1329 3108 quod
1359 3048 1416 3094 ad
1438 3064 1522 3095 no-

247 3123 356 3155 men
378 3108 563 3154 dantem
584 3107 820 3164 attinebat,
850 3107 985 3170 plane
1003 3107 1206 3167 fortuita,
1231 3113 1436 3161 consulto
1456 3130 1524 3161 re-

248 3173 402 3236 gebat.

189 3239 299 3302 695.
326 3237 435 3302 696.
492 3237 562 3285 Hi
594 3237 688 3284 duo
711 3237 862 3285 versus
885 3253 978 3285 non
1002 3240 1083 3287 nisi
1105 3256 1252 3288 unum
1276 3241 1523 3291 facerede-

252 3304 361 3350 bent
399 3302 764 3350 choriambicum
803 3303 969 3351 scilicet
1003 3307 1265 3355 trimetrum
1308 3310 1525 3357 acatalec-

253 3381 369 3414 tum.
427 3368 569 3414 Res&
593 3381 843 3427 metrorum
866 3383 997 3417 vetus
1023 3372 1271 3420 Enarrator
1296 3390 1390 3420 non
1425 3392 1523 3422 am-

252 3433 373 3496 plius
396 3431 713 3495 septemdecim
733 3434 885 3481 versus
909 3435 1015 3482 huic
1039 3436 1235 3499 strophae
1259 3439 1434 3486 tribuit.

195 3499 304 3563 698.
342 3504 482 3553 Ελεναζ,
514 3502 696 3560 ἒλανδγος,
734 3501 933 3562 ἒλεῷὶολις]
976 3515 1102 3554 Ελενας
1127 3504 1242 3550 Υθᾶὶε
1266 3518 1421 3554 Ελεναυς
1447 3521 1525 3552 ex-

255 3562 407 3626 posuit
435 3564 752 3610 eruditiflimus
780 3566 1008 3629 Salmasius,
1044 3583 1128 3614 nec
1157 3570 1415 3632 quidquam
1445 3572 1525 3618 ha-

190 3637 193 3640 ’
257 3629 367 3675 bent
387 3628 600 3691 ponderis
624 3644 731 3691 quae
756 3630 900 3678 adfert
930 3644 1088 3695 contra
1109 3632 1329 3681 Pauwius.
1396 3636 1524 3684 Nam

258 3693 385 3758 quod
419 3694 571 3757 primo
599 3694 726 3752 dicit,
760 3695 1010 3756 Helenam,
1045 3698 1079 3746 fi
1108 3698 1203 3749 hoc
1236 3700 1521 3763 admittatur,

1043 248 1992 362 sescnti-1

1622 418 1712 466 dici
1731 418 1869 464 etiam
1893 421 2069 482 Emeritos,
2102 419 2293 474 ἓλεγὶὶολις,
2327 432 2419 465 non
2442 420 2650 482 potuisse,
2684 420 2793 484 quia
2815 434 2901 466 no-

1625 499 1733 532 men
1755 483 1820 530 ad>
1837 482 1950 530 solas
1979 498 2118 530 naves
2153 498 2268 546 quas
2295 483 2559 546 >perdiderat
2592 485 2633 532 se
2661 485 2903 541 referebat„

1625 550 1676 596 ὅτ
1699 563 1781 596 nec
1803 549 1926 595 viros
1949 564 2031 596 nec
2054 547 2191 596 urbes
2221 548 2683 614 designarepoterat3
2721 552 2809 598 hoc
2832 566 2901 597 re-

1620 613 1836 678 sponsum
1860 616 2064 676 accipere
2092 614 2255 677 potest.
2313 615 2427 662 Vim
2449 617 2579 679 verbi
2605 621 2695 666 ἒλειν
2718 619 2764 664 in
2786 631 2902 662 voce

1624 680 1808 728 Helena
1829 681 2062 744 praecipue
2089 679 2305 744 speRari,
2326 680 2450 728 unde
2483 697 2750 746 quanquam
2783 686 2900 734 imm

1623 747 1815 810 propius
1846 745 1972 809 quod
2012 745 2070 792 ad
2105 745 2265 794 sonum
2303 748 2464 794 attinet
2494 746 2694 805 referret,
2731 747 2899 795 illata·

1627 827 1733 858 men
1755 811 1841 860 alia
1859 814 2038 873 ἕλανδρος,
2052 815 2228 864 {afflam-
2239 828 2331 860 non
2348 812 2528 861 occulte
2550 829 2633 860 nec
2650 814 2804 861 coaete
2826 811 2905 860 de'-

1626 877 1837 940 signabat
1859 877 1909 925 &
1931 875 2214 941 suggerebat.
2258 878 2407 943 Qod
2428 894 2537 926 vero
2561 879 2688 926 addit
2703 881 2775 926 vir
2791 878 2905 925 doc·
2944 910 2949 915 -

1626 954 1720 1000 tus,
1753 958 1920 991 vocem
1955 947 2072 996 ἑλενας
2092 944 2365 992 Graecorum
2391 960 2483 994 non
2503 934 2819 1008 TroJanorum‘
2834 945 2906 1009 in?

1605 1006 1833 1056 .fortunia
1866 1023 2089 1064 enarrare,
2134 1011 2326 1063 Poetam
2359 1010 2513 1057 autem
2547 1019 2700 1058 totum
2736 1009 2908 1056 effevin

1628 1073 1948 1122 enumerandis
1967 1071 2280 1136 Trojanorum
2309 1091 2394 1140 per
2420 1075 2651 1123 Helenam
2682 1074 2907 1130 cladibus,

1629 1138 1677 1186 id
1700 1139 1887 1204 quidem
1911 1140 2188 1194 leviflimum
2223 1140 2302 1189 est.
2367 1142 2494 1189 Cum
2527 1144 2652 1190 enirn
2682 1142 2740 1189 de
2758 1139 2910 1202 unalis

1632 1203 1716 1252 isto
1747 1207 1943 1269 ‘nomine
1977 1208 2286 1270 praefiguratis
2325 1219 2547 1270 ageretur,
2588 1222 2780 1271 aequum
2814 1216 2912 1252 erat
2945 1227 2955 1269 ‘.

1630 1270 1838 1324 universa
1865 1272 2208 1335 comprehendi.
2281 1272 2346 1320 Et
2382 1288 2539 1320 revera
2572 1273 2684 1320 nihil
2717 1271 2913 1319 vocibus

1633 1335 1742 1393 istis,
1779 1342 1914 1394 ἑλένας,
1939 1341 2120 1400 ἱλανὲςος,
2141 1339 2333 1394 instent,
2357 1339 2645 1402 exprimitur,
2667 1337 2797 1403 quod
2818 1352 2913 1393 uon
2955 1398 2958 1400 v

1633 1401 1951 1466 quadantenus
1973 1404 2024 1451 &
2053 1403 2232 1452 Graecis
2262 1404 2312 1451 δε
2335 1402 2550 1466 Trojanis
2572 1401 2916 1453 accommodari

1632 1470 1780 1531 poffit.
1837 1469 1982 1532 Ipsius
2006 1474 2161 1516 autem
2182 1471 2359 1519 Pauwii
2388 1468 2662 1533 conjectura,
2698 1482 2794 1540 qua
2823 1483 2912 1515 vo·
2944 1493 2955 1503 ·-
3013 1474 3019 1483 “

1634 1549 1734 1582 cem
1755 1548 1872 1583 amm
1887 1535 1946 1583 ab
1970 1539 2061 1584 iam
2079 1539 2143 1584 {nt
2161 1535 2357 1583 derivari
2379 1537 2499 1593 vult,
2519 1536 2647 1600 quasi
2665 1532 2915 1583 unum'sci.

1635 1598 1743 1647 licet
1765 1602 1918 1647 virum
1945 1601 2270 1652 Alexandrum
2293 1602 2353 1648 δτ-
2366 1618 2507 1649 unam
2532 1601 2695 1650 urbem
2719 1597 2915 1664 Trojam
2983 1613 2987 1619 ‘

1635 1665 1901 1727 perdiderit,
1924 1666 2158 1730 glaciebus
2176 1667 2493 1731 Hyperboreis
2506 1665 2718 1732 frigidior
2732 1665 2823 1723 est,
2834 1681 2915 1715 ne-

1638 1746 1730 1793 que
1752 1733 2002 1795 excogitari
2019 1735 2173 1795 potuit
2196 1734 2348 1780 minus
2372 1733 2546 1782 idonea.
2591 1733 2647 1781 ld
2665 1734 2789 1780 enim
2810 1731 2916 1780 He·
2979 1771 2983 1774 .

1640 1795 1773 1855 lenae,
1807 1797 1840 1843 fi
1873 1800 2092 1861 cuiquam
2128 1811 2351 1861 unquam·
2374 1799 2478 1846 aliae
2512 1797 2918 1869 foeminae,-pecu-

1638 1860 1749 1909 liare
1781 1861 1872 1910 fuit
1905 1863 2148 1926 probrum,
2190 1864 2326 1927 quod
2357 1865 2735 1928 quamplurimos
2765 1862 2920 1932 pendi-

1639 1926 1770 1975 derit.
1829 1929 1944 1977 Non
1978 1941 2134 1981 autem
2171 1931 2473 1979 metuendum
2512 1931 2577 1986 est
2610 1945 2668 1979 ne
2698 1934 2940 1995 cuiquam„

1641 1992 1796 2041 denuo
1832 1995 2008 2058 placeat
2053 1994 2154 2042 haec
2191 1995 2490 2060 etymologia,
2542 2012 2650 2044 cum
2688 1995 2787 2062 ipfi‘
2808 1993 2922 2066 >„ejus

1645 2061 1805 2107 auetor
1827 2077 1927 2108 eam
1955 2060 2110 2110 misere
2131 2059 2297 2125 frigere
2318 2059 2545 2118 fateatur;
2590 2061 2664 2110 sed
2682 2062 2872 2127 culpam
2895 2076 2925 2109 a
2975 2108 2978 2113 .

1642 2123 1684 2173 se
1708 2127 1754 2173 in
1776 2126 2018 2191 AEschylum
2039 2127 2283 2176 transferre
2306 2143 2399 2175 non
2421 2128 2632 2176 debebat.
2798 2182 2801 2186 ,

1577 2190 1638 2267 Y.
1662 2192 1773 2256 699.
1810 2207 1862 2240 Ea
1880 2216 1953 2242 των
1979 2189 2209 2257 sepontium]
2238 2193 2456 2254 Salmafius
2472 2195 2524 2242 in
2549 2194 2748 2242 Exercit.
2773 2192 2832 2242 ad
2853 2195 2926 2242 So-

1644 2255 1718 2304 lin.
1753 2276 1800 2323 p.
1831 2261 1906 2321 78.
1933 2275 1984 2305 A.
2020 2259 2133 2323 legit
2166 2264 2388 2319 &ceput-novor,
2423 2259 2637 2320 tmuffmo
2657 2259 2735 2320 filo
2758 2256 2923 2308 'cortam-
3002 2299 3005 2300 γ

1645 2325 1716 2380 tis,
1753 2323 1899 2372 nescio
1920 2340 1977 2371 an
2000 2339 2054 2372 ex
2077 2323 2358 2389 conjectura,
2383 2341 2440 2373 an
2462 2341 2519 2373 ex
2543 2324 2635 2374 fide
2649 2325 2905 2391 codicum.'

1585 2401 1697 2451 700.
1722 2404 1832 2453 701.
1857 2405 1966 2452 702.
2001 2390 2148 2439 Ionici
2171 2391 2274 2439 sunt
2304 2408 2332 2438 a
2357 2392 2537 2440 minore
2557 2391 2749 2441 dimetri*
2760 2391 2924 2443 uma.

1647 2478 1759 2512 mm,
1792 2457 1962 2521 priores
1994 2455 2092 2505 bini
2120 2457 2372 2516 acatalecti‚
2404 2459 2562 2506 tertius
2592 2457 2928 2522 hypercatalec-

1648 2535 1738 2569 tus.
1783 2529 1996 2586 vomauspoa
2017 2524 2536 2585 oegymrerfiraecorum
2559 2525 2817 2573 exercitum<
2835 2523 2926 2572 'dess
2962 2569 2967 2578 ,

1648 2589 1857 2652 fignant.'

1587 2669 1697 2719 703.
1727 2670 1837 2719 704.
1862 2668 1972 2718 705.
2009 2667 2160 2715 xum-yon
2181 2656 2270 2711 υτ)
2290 2679 2384 2719 eperat
2454 2710 2457 2713 ,

2001 2727 2160 2771 Πλάτων
2182 2740 2338 2779 dou-m

2005 2798 2219 2836 Κελαιντων
2245 2799 2438 2848 Σιρωὲντος
2459 2788 2604 2850 dnm]
2648 2787 2926 2852 Legefidum

1652 2851 1716 2899 est
1737 2857 1882 2902 πλατὲἱν
1903 2851 2072 2900 Dorice
2100 2869 2186 2916 pro
2213 2869 2360 2917 marm
2383 2869 2578 2901 numero
2598 2853 2777 2918 ‘plurali
2790 2877 2807 2911 5
2853 2855 2932 2902 Ita

1653 2919 1742 2974 ’tyr’
1760 2940 1854 2980 ιχκος
1872 2922 2018 2967 πλαιν-οἷν
2039 2937 2197 2976 αφαντον
2217 2918 2294 2974 est,
2317 2919 2535 2981 secundum
2565 2918 2779 2982 vestigium
2802 2931 2933 2969 remo·-
2967 2937 2981 2945 '

1653 3000 1746 3031 rum
1767 2983 1979 3045 ipvisibile.
2017 3004 2228 3040 mamwv,
2258 3000 2367 3032 cum
2385 2991 2530 3035 πλατᾶν
2543 2982 2856 3049 jungendum,
2880 2986 2932 3032 δε

1655 3049 1713 3095 de
1735 3049 1899 3096 Paride
1921 3049 1972 3095 ἅτ
1995 3049 2178 3098 Helena
2198 3050 2563 3114 intelligendum.

1594 3115 1704 3181 706.
1742 3114 1815 3163 Ἐπ’
1839 3115 2070 3178 decumae]
2104 3117 2280 3163 Pauwii
2312 3115 2570 3179 conjecitura
2598 3112 2692 3179 qua
2713 3108 2935 3176 αξιοφυηοιξ

1655 3182 1835 3243 reponit
1859 3196 1914 3226 ne
1937 3197 2064 3237 φυλλου
2087 3181 2277 3245 quidem
2301 3187 2388 3241 αξιοι
2409 3183 2485 3230 est.
2603 3183 2674 3228 uis
2697 3183 2820 3229 enim
2843 3195 2934 3229 un-

1658 3261 1804 3310 quam
1843 3246 2076 3308 epitheton
2115 3248 2205 3294 tale
2236 3247 2310 3294 vel
2348 3242 2491 3295 fando
2528 3264 2586 3294 au
2621 3247 2740 3294 ivit?
2793 3242 2934 3310 Ripae

1657 3327 1767 3375 quae
1795 3311 1907 3360 folia
1936 3310 2054 3359 ferre
2085 3312 2240 3377 dignae
2263 3312 2394 3360 sunt!
2441 3314 2552 3360 Hoc
2573 3325 2727 3360 tamen
2749 3312 2952 3360 Pauwio.
3005 3303 3010 3315 “

1657 3378 1913 3441 AEschyleum
1935 3378 1983 3424 &
2007 3378 2106 3425 satis
2131 3374 2372 3425 venustum
2405 3380 2600 3426 videtur.
2644 3379 2796 3442 -Lege
2828 3386 2935 3424 orn-
2958 3422 2964 3435 >.

1654 3445 1768 3493 ,nino
1787 3459 1909 3488 cum
1933 3443 2110 3490 stanleia
2131 3446 2366 3503 ωιξιφυηςοις.
2406 3444 2659 3494 ,Μεηάυω
2699 3455 2855 3502 autem
2885 3443 2936 3489 in
3014 3455 3016 3457 ·

1658 3508 1923 3555 antithetico
1946 3508 2088 3555 haeret
2107 3525 2248 3572 quem
2274 3524 2387 3556 mox
2407 3509 2774 3557 emendabimus.-

1594 3587 1705 3637 707.
1742 3573 1963 3637 Periodus
1986 3574 2050 3622 est
2068 3575 2333 3622 catalestus·

1594 3644 1704 3706 708·
1733 3646 2025 3704 709.1Mc,2›.82
2048 3651 2155 3692 md&
2176 3665 2228 3703 ⁰9-
2468 3676 2471 3679 ,
2671 3672 2674 3675 .
2838 3687 2840 3689 ¹
2867 3674 2874 3678 ,
2991 3691 2996 3698 .

1875 3717 2030 3768 n‘³³²7‘1211-‹ar
2051 3707 2299 3770 τελεωτφςων]
2335 3706 2627 3758 Allufionem
2651 3721 2759 3771 quae
2781 3704 2936 3817 ingo-

2287 3809 2290 3812 ,
2796 3785 2837 3817 ci
2874 3784 2931 3817 us
