3068 4224
876 283 2070 375 PHoENisSAS.
2804 334 2881 394 33

198 449 320 506 mus.
362 433 690 502 Qiodautem
710 437 971 489 Valckenarii
991 440 1332 493 emendationes
1355 440 1477 490 haud

182 508 187 513 ’
230 514 369 552 *aucas
402 518 460 551 ex
494 505 684 571 ingenio
705 517 851 564 natas,
885 505 1040 571 plures
1076 508 1215 556 etiam
1249 524 1306 556 ex
1341 507 1475 557 codd.

262 565 343 618 SS.
369 581 536 628 erutas,
549 574 662 620 meis
680 570 739 620 ad
761 584 850 620 tres
867 573 1097 637 Tragicos
1120 573 1312 622 Graecos
1335 573 1477 622 adno-

197 634 450 684 tationibus
472 636 818 697 interseruerim,
836 636 884 685 id
906 639 969 687 ita
992 636 1170 686 faetum
1192 638 1297 687 sciat
1318 638 1477 697 lec'tor,

1611 455 1792 501 caetera,
1829 445 1999 508 quibus
2029 445 2141 493 alios
2170 444 2430 510 complures
2453 445 2502 494 in
2540 444 2627 493 hac
2658 446 2886 510 tragoedia

1612 507 1762 556 adhuc
1783 523 1984 558 extantes
2014 511 2290 559 adulterinos
2318 513 2421 569 effe,
2456 513 2507 559 δι
2537 528 2564 559 a
2600 511 2722 559 mala
2742 526 2880 558 manu

1612 575 1924 639 interpolatOS,
1959 577 2188 625 ostendere
2210 590 2402 625 conatur
2422 580 2493 627 vir
2513 578 2688 626 dostuS.

193 711 249 748 ut
280 701 456 766 ubique
483 718 541 750 ex
562 719 660 768 quo
715 702 956 753 refecerim
985 702 1143 752 diserte
1174 707 1435 754 monuerim
1454 729 1470 762 ·,

194 766 464 833 ubicunque
485 784 597 817 vero
617 771 664 818 vi
697 772 762 820 eri
783 769 947 835 possim
972 769 1062 818 hoc
1096 785 1190 818 non
1224 769 1389 829 fecisse,
1425 772 1472 819 id

192 847 252 882 ex
290 847 349 882 eo
390 832 671 899 profectum,
743 836 872 901 quod
911 835 1088 885 eaedem
1133 837 1471 889 emendationes

185 895 290 963 jam
303 898 438 957 olim,
459 912 708 967 antequam
724 904 814 951 viri
829 901 1072 951 doffissimi
1092 901 1340 951 editionem
1363 920 1470 969 pro-

192 964 319 1014 diisse
352 965 604 1026 audieram,
651 967 822 1017 nedum
861 969 1007 1018 oculis
1044 966 1386 1034 usurpweram,
1422 972 1469 1018 in

189 1026 375 1080 schedas
408 1047 536 1082 meas
569 1033 725 1083 relatae
755 1032 954 1094 fuerant,
988 1031 1117 1098 cujus
1149 1036 1213 1083 rei
1236 1035 1374 1084 fidem
1398 1034 1467 1084 fa-

189 1097 321 1146 ciunt
343 1097 527 1160 'scliedae
566 1100 578 1111 ‘
639 1159 642 1163 ⁴
674 1137 690 1158 ,
737 1117 886 1166 neque
913 1115 1104 1166 aequum
1142 1101 1379 1153 censebam
1417 1118 1470 1150 ea

188 1162 294 1231 viro
331 1163 526 1212 erudito·
544 1173 578 1214 o
627 1164 740 1215 ”no
771 1166 1062 1215 transcribere
1099 1183 1209 1231 quae
1241 1168 1356 1215 mihi
1387 1168 1470 1232 ipsi

187 1230 315 1296 prius
351 1245 577 1296 occupare
615 1233 884 1298 contigerat.
955 1232 1046 1281 Sed
1075 1232 1177 1282 haec
1217 1233 1465 1290 hactenus-,

185 1294 418 1359 strieturas
438 1296 556 1362 ipsas
579 1313 700 1347 nunc
722 1297 1068 1364 subjungamus.

121 1362 188 1415 νά
219 1377 296 1427 27.
347 1374 444 1414 08⁸⁸
485 1387 532 1414 m
567 1377 687 1419 Ελλας
729 1364 906 1428 avolsa&
941 1366 1147 1427 emmor]
1217 1365 1468 1413 Leviffima

186 1429 325 1487 certe,
361 1442 442 1478 aut
468 1430 623 1494 potius
647 1430 817 1479 nullius
843 1431 979 1496 plane
1002 1429 1234 1496 ponderis,
1270 1430 1371 1479 sunt
1397 1447 1468 1478 ar-

186 1505 413 1559 gumenta
432 1495 604 1560 quibus
628 1494 809 1560 hujusce
829 1496 980 1545 versus
1011 1521 1212 1559 >mumma
1249 1497 1468 1546 convellit

186 1560 496 1610 Valckenarius.
552 1563 696 1610 Penes
720 1575 782 1620 te,
818 1562 1008 1621 Le&or,
1043 1563 1098 1611 fit
1109 1561 1357 1626 judicium.
1413 1564 1469 1611 In

187 1625 319 1674 versu
362 1628 575 1691 proxime
609 1628 894 1692 praecedente
928 1628 1088 1677 diserte
1123 1629 1290 1676 dicitur
1330 1629 1469 1693 pedes

187 1691 359 1757 Oedipi
383 1692 546 1741 ambos
572 1693 856 1758 perforatos;
901 1707 948 1743 at
983 1711 1075 1743 non
1107 1694 1276 1742 dicitur
1311 1709 1468 1743 tumo-

78 1744 86 1748 '
126 1794 147 1821 p
185 1772 288 1806 rem
320 1758 427 1807 inde
446 1759 623 1823 pedum
661 1759 978 1825 supervenisse,
1008 1761 1213 1826 adeoque
1235 1761 1464 1825 etymolo-

185 1825 281 1890 giae
306 1839 400 1874 non
418 1823 519 1873 satis
542 1825 777 1891 perspicua
798 1827 970 1891 prostat
991 1828 1121 1875 ratio.
1167 1826 1344 1875 Insania
1366 1827 1466 1875 haec

185 1890 515 1956 etymologica,
551 1907 578 1938 a
599 1893 798 1955 Sophoclis
819 1894 1006 1958 ingenio
1041 1892 1324 1958 castigatiore
1345 1891 1465 1957 spre-

179 1967 252 2014 ta,
289 1959 456 2005 merito
491 1959 539 2005 in
565 1958 767 2022 Euripide
788 1975 814 2006 a
847 1960 1052 2007 Comicis
1081 1959 1201 2006 irrisa
1231 1958 1323 2015 est·,
1359 1959 1466 2007 hinc

159 2078 162 2082 .
185 2021 499 2087 proculdubio
536 2022 754 2088 sequitur,
822 2025 999 2072 nullam
1044 2026 1168 2073 hunc
1213 2024 1464 2090 suggessisse

131 2117 141 2124 -
183 2088 520 2153 etymologiam
542 2106 684 2154 quam
709 2107 802 2138 non
824 2091 978 2138 verbis
1009 2090 1298 2139 disertiffimis
1321 2091 1465 2155 expli-

130 2160 135 2173 ·
184 2157 371 2204 caverit.
409 2156 654 2217 Efflathius
675 2156 873 2219 Euripidi
895 2159 1096 2221 imputat
1117 2156 1247 2221 quod
1270 2172 1364 2204 non
1386 2157 1468 2204 nili

184 2219 375 2286 oblique
411 2222 611 2270 nominis
643 2222 812 2288 Oedipi
848 2223 1184 2287 etymologiam
1217 2222 1467 2280 tradiderit,

185 2285 423 2351 aliumque
446 2285 582 2351 hujus
603 2289 875 2353 Tragoediae
896 2288 1092 2346 versum,
1112 2289 1194 2336 ubi
1219 2288 1306 2336 hoc
1328 2291 1466 2335 etiam

178 2350 379 2410 fastum,
417 2353 598 2410 adfert3
641 2370 754 2418 ergo
777 2355 900 2402 hunc
923 2353 1118 2412 versum,
1154 2354 1235 2401 ubi
1270 2355 1468 2401 nominis

185 2417 311 2477 istius
333 2419 619 2483 etymologia
637 2421 803 2484 pariter
827 2436 920 2467 non
945 2420 1026 2467 nisi
1048 2420 1237 2484 oblique
1257 2420 1467 2476 traditur,

145 2499 149 2501 ·
185 2494 281 2532 non
303 2484 429 2548 legit.
486 2485 541 2532 In
564 2485 779 2550 Prologis
802 2486 1015 2534 brevitati
1039 2484 1209 2539 consuli
1232 2485 1359 2543 solet,
1386 2501 1468 2532 nec

184 2550 450 2609 alienissima
485 2551 823 2608 immiscentur;
867 2568 995 2617 ergo·
1012 2553 1259 2599 memorari
1290 2567 1382 2599 non
1414 2567 1466 2598 o-

168 2617 376 2680 portuit,
410 2632 538 2674 eum,
580 2618 655 2665 cui
684 2631 834 2681 partes
872 2619 919 2665 in
954 2618 1042 2665 hoc
1068 2618 1274 2665 dramate
1295 2619 1468 2690 prima-

186 2683 282 2740 riae,
316 2697 485 2730 nomen
521 2698 579 2730 ex
614 2683 888 2740 calamitate,
925 2685 972 2731 in
999 2699 1095 2747 qua
1132 2686 1271 2730 totius
1294 2683 1468 2730 iabulae

182 2748 324 2796 ‘cardo
347 2749 782 2805 vertitu-r,1>.traxisst.
847 2751 1066 2797 Nominis
1096 2750 1321 2796 rationem
1345 2765 1466 2796 nunc

185 2809 370 2862 reddere
408 2830 502 2861 non
533 2814 694 2862 debuit
723 2815 919 2876 Jocasta‚
955 2817 1064 2880 quia
1101 2830 1224 2862 nunc
1258 2816 1467 2879 primum

186 2894 359 2928 nomen
376 2879 531 2943 ‘ipsum
550 2880 613 2928 ab
635 2896 687 2928 ea
710 2894 1009 2929 memoratur.
1079 2880 1178 2928 Cur
1201 2880 1383 2936 HellaS,
1417 2881 1466 2927 δε

187 2960 281 2993 non
297 2945 554 2994 Corinthus
577 2958 776 3004 tantum,
811 2963 979 2994 nomen
1005 2947 1094 2994 hoc
1115 2945 1279 2995 dedisse
1301 2946 1466 2994 dicitur

186 3011 384 3068 homini,
419 3011 477 3059 de
499 3027 596 3075 quo
617 3024 773 3060 tamen
795 3014 998 3076 Sophocles

318 3089 353 3124 O
379 3101 462 3126 nuto-t
482 3097 616 3127 κλεινυς
638 3088 806 3127 Oedi-ms
829 3100 1054 3135 καλουμένος.

185 3153 238 3191 'ro
262 3164 308 3193 m
328 3144 375 3190 in
398 3142 488 3191 hoc
506 3144 637 3191 versu
660 3144 860 3207 pofitum
884 3147 930 3192 in
951 3144 1080 3192 versu
1104 3145 1242 3191 etiam
1266 3143 1466 3208 sequenti

136 3223 140 3225 ⁴
186 3210 359 3256 iterum
385 3208 568 3275 legitur.
618 3210 811 3258 Nomen
837 3211 895 3259 ab
922 3225 1066 3258 uxore
1089 3209 1256 3273 Polybi
1279 3210 1465 3274 procul-

183 3273 331 3322 dubio
359 3276 400 3322 ei
435 3275 613 3332 datum,
649 3275 778 3339 quod
804 3275 1045 3340 quomodo
1068 3274 1245 3322 resciret
1268 3274 1465 3336 Jocasta,

179 3355 305 3387 uxor
326 3338 438 3403 eju3‚
474 3356 532 3387 ex
555 3356 648 3404 qua
683 3340 848 3389 liberos
881 3340 1114 3404 utriusque
1140 3339 1269 3387 sexus
1297 3337 1391 3404 jam
1416 3356 1465 3386 a·

181 3404 342 3471 dultos
365 3405 612 3470 susceperat
634 3407 650 3453 ?
704 3407 829 3454 Haec
853 3409 1084 3454 rationum
1107 3407 1319 3453 omnium
1342 3405 1464 3452 sum-

185 3485 266 3521 ma
285 3472 350 3519 est
371 3487 479 3536 quae
498 3485 684 3519 tantum
709 3472 832 3536 apud
864 3473 1174 3521 Valckenarium
1204 3471 1464 3526 valuerunt,

185 3549 243 3583 ut
276 3540 412 3585 nimis
442 3540 666 3602 patienter
702 3538 824 3586 hunc
859 3537 1042 3586 versum
1074 3539 1120 3585 in
1150 3537 1239 3585 hoc
1262 3537 1467 3585 dramate

189 3602 282 3666 legi
311 3617 543 3666 queratur.
604 3605 677 3652 Te
697 3604 851 3662 testor,
876 3604 1065 3661 Lector,
1091 3619 1204 3651 num
1227 3605 1274 3650 in
1298 3603 1466 3650 talibus

190 3667 439 3715 refutandis
462 3667 618 3718 seriam
641 3685 833 3733 operam
856 3670 969 3735 poni
992 3669 1157 3717 debere
1179 3667 1323 3716 censes
1340 3669 1375 3715 ?‘
1402 3668 1467 3715 E-

180 3731 365 3793 jusdem
390 3734 593 3798 prorsus,
633 3747 754 3785 cette
789 3751 883 3786 non
915 3736 1126 3802 potioris,
1171 3733 1336 3783 farinae
1363 3732 1470 3781 sunt

1536 3341 1646 3388 260.
1691 3353 1743 3389 Ar
1774 3354 1864 3402 Agnc
1887 3341 1983 3404 722³
2008 3341 2172 3400 emm]
2229 3340 2281 3389 A»)
2311 3362 2430 3400 μαχνν
2451 3333 2640 3388 scilicet.

1546 639 1607 687 V.
1638 642 1712 688 81.
1756 656 1831 704 figur
1852 643 2006 705 auow']
2058 642 2398 756 Corrig'tendum
2436 644 2580 692 auaui
2611 644 2884 707 pronunciat

1603 707 1675 753 vir
1702 708 1923 767 eruditus,
1958 709 2009 756 δε
2048 710 2111 756 ita
2150 725 2194 756 re
2242 725 2265 756 e
2296 709 2388 774 legi
2423 709 2546 774 poste
2581 724 2673 756 non
2710 710 2882 756 inficias

1604 786 1692 829 eo;
1737 773 1810 821 sed
1843 775 2019 839 optime
2055 777 2195 822 etiam
2237 774 2276 822 se
2309 777 2425 823 tueri
2485 775 2598 823 otest
2621 775 2754 821 leelio
2778 774 2879 820 vul-

1604 850 1725 903 gata.
1793 840 1907 887 Non
1939 842 2065 888 enim
2089 839 2177 888 hoc
2214 841 2317 888 filiis
2352 857 2410 905 pe
2451 841 2564 889 uasit
2593 851 2773 888 tantum
2798 840 2882 901 Jon

1604 904 1738 962 casta,
1773 917 1824 952 ut
1856 906 1984 954 litem
2019 905 2173 970 postea
2208 904 2386 954 facilius
2414 905 2507 971 ipsa
2527 906 2774 963 dirimeret,
2810 904 2884 953 sed

1603 970 1725 1018 haci
1761 970 1802 1017 sa
1823 970 2104 1036 persuasione
2130 969 2230 1035 jam
2263 971 2546 1036 aliquatenus
2581 973 2628 1019 in
2663 971 2742 1019 lite
2773 970 2883 1018 diri-

1604 988 1772 1084 mentfa
1792 1037 2067 1102 promovistis
2090 1036 2131 1084 se
2153 1037 2370 1101 sperabat.
2423 1038 2562 1086 Litem
2582 1036 2774 1085 dirimens
2796 1038 2881 1102 igi-

1603 1114 1678 1150 tur
1709 1102 1834 1150 idem
1863 1102 1939 1150 hic
1961 1102 2083 1150 valet
2115 1118 2185 1160 ac,
2222 1104 2338 1151 Dum
2369 1107 2412 1151 in
2433 1104 2504 1151 lite
2523 1102 2749 1151 dirimenda
2771 1102 2882 1164 desti-

1608 1184 1716 1216 neor.

1538 1231 1616 1282 86.
1664 1249 1730 1300 Xpn
1761 1233 1805 1281 ιη’
1838 1258 1867 1282 ει
1902 1252 2006 1291 neoc
2054 1235 2258 1296 mauzae]
2334 1235 2543 1282 Omnino
2590 1228 2878 1283 retinendum

1600 1323 1685 1366 χρη.
1720 1300 1795 1347 De
1833 1299 1968 1347 rebus
1996 1301 2120 1347 enim
2147 1297 2249 1363 jam
2271 1298 2595 1364 praesentibus,
2632 1314 2710 1348 aut
2730 1300 2881 1348 statim

1600 1365 1786 1423 futuris,
1835 1381 1929 1413 non
1962 1365 2020 1413 de
2053 1367 2302 1430 praeteritis,
2339 1364 2414 1412 hic
2437 1367 2600 1431 agitur.
2673 1367 2880 1414 Athena-

1599 1448 1737 1496 goras
1760 1444 1838 1479 aut
1860 1447 1918 1478 ex
1941 1434 2166 1479 memoria
2188 1434 2313 1488 citat,
2341 1444 2420 1477 aut
2443 1432 2501 1478 ad
2522 1437 2880 1496 gnomen'gene-

1573 1504 1579 1507 “
1602 1497 1812 1546 raliorem
1833 1498 2090 1562 detorquet,
2123 1497 2204 1545 ubi
2225 1496 2535 1562 proculdubio
2554 1497 2882 1545 accommoda-

1603 1565 1694 1611 tius
1717 1563 1782 1611 est
1803 1561 2143 1628 imperfectum.

1541 1632 1618 1679 88.
1679 1644 1718 1677 Ω
1759 1649 1887 1678 maror
1934 1652 2036 1679 οικοις
2069 1642 2233 1690 Λνπγονκ
2273 1641 2388 1676 »Moe
2426 1629 2566 1690 nam]
2632 1627 2886 1677 Nlarklandi

1602 1693 1912 1759 conjecturam
1935 1711 2023 1759 pro
2050 1714 2153 1749 natm
2176 1697 2434 1759 reponentis
2457 1717 2549 1757 mgni
2569 1697 2732 1742 evertit
2752 1711 2882 1758 pror-

1558 1778 1568 1785 ‘
1600 1760 1670 1810 sus
1695 1760 1882 1826 sequens
1905 1761 2056 1809 statim
2079 1781 2215 1826 επιχς,
2248 1760 2588 1825 significationis
2610 1760 2745 1824 plane
2768 1777 2877 1808 con-

1599 1829 1752 1876 trariae
1775 1828 1980 1875 verbum.
2036 1841 2155 1876 ουωις
2175 1826 2239 1874 est
2273 1849 2306 1876 εν
2337 1849 2451 1881 emm,
2487 1828 2659 1874 Germen
2698 1825 2804 1891 quod
2835 1830 2882 1873 in

1598 1894 1711 1942 domo
1726 1895 1848 1957 patri
1869 1894 2017 1956 crescit.
2051 1893 2171 1941 Vide
2190 1909 2298 1958 quae
2319 1892 2641 1940 adnotavimus
2665 1893 2722 1940 ad
2744 1890 2880 1956 hujus

1601 1959 1821 2007 dramatis
1844 1975 1889 2007 v.
1910 1975 2052 2021 1520.

1536 2040 1648 2086 204.
1701 2039 1761 2074 ,Ως
1793 2048 1981 2090 vaput-yfir
2022 2035 2182 2075 εισκλθτν
2217 2025 2350 2086 mm]
2391 2036 2598 2087 Ταραγμον,
2644 2023 2881 2072 Tumultum

1600 2091 1763 2139 urbem
1787 2090 2002 2148 invafiffe,
2037 2106 2147 2138 cum
2171 2092 2393 2139 exercitus
2415 2089 2646 2137 universus
2672 2092 2878 2154 Argivo-

1601 2174 1723 2215 rum,
1758 2157 1995 2204 ordinibus
2019 2156 2274 2220 explicatis,
2311 2171 2361 2202 ac
2400 2155 2432 2203 fi
2474 2155 2531 2202 ad
2565 2156 2778 2220 praelium
2812 2159 2880 2203 in-

1602 2223 1862 2280 strueretur,
1903 2239 2049 2287 prope
2086 2224 2277 2277 moenia,
2318 2222 2367 2268 &
2406 2224 2451 2269 in
2483 2219 2579 2285 ipso
2610 2222 2736 2269 urbis
2769 2238 2877 2269 con-

1601 2289 1770 2354 speftu,
1807 2288 2120 2345 recenseretur,
2141 2289 2346 2343 'minime
2382 2289 2572 2344 mirum,
2609 2289 2704 2334 imo
2727 2303 2881 2335 revera

1602 2355 1731 2402 aliter
1754 2371 1821 2402 res
1847 2355 1888 2401 se
1919 2355 2086 2420 habere
2110 2345 2232 2401 haud
2256 2356 2422 2418 potuit.
2494 2354 2728 2418 Qamvis
2755 2356 2880 2401 enim

1592 2418 1694 2483 jam
1717 2421 1863 2484 pactae
1887 2433 2015 2468 erant
2037 2420 2249 2475 induciae,
2287 2420 2339 2466 iis
2368 2432 2521 2465 tamen
2546 2421 2744 2466 nimium
2767 2436 2878 2467 con-

1602 2486 1740 2533 fidere
1757 2486 1923 2534 summi
1946 2502 2014 2533 res
2031 2485 2180 2533 fuisset
2203 2485 2405 2548 periculi.
2449 2485 2568 2531 Vide
2586 2483 2703 2532 infra
2723 2502 2764 2532 v.
2782 2487 2875 2534 268

1602 2579 1661 2588 —-
1685 2556 1797 2615 283.
1838 2566 2065 2616 quantum
2101 2551 2296 2615 trepidat
2328 2550 2418 2614 ipse
2453 2550 2692 2613 Polynices
2730 2567 2876 2614 quan-

1602 2633 1745 2681 quam
1784 2617 1866 2664 sub
1905 2619 2195 2664 induciarum
2238 2617 2329 2664 fide
2366 2618 2414 2662 in
2444 2616 2612 2663 urbem
2641 2617 2872 2665 admissus.

1601 2683 1733 2731 Nihil
1758 2685 1899 2748 igitur
1921 2684 1996 2732 hic
2020 2682 2334 2730 innovandum
2359 2681 2525 2729 censeo.

1538 2765 1650 2812 231.
1706 2764 1870 2806 Επτμενει
1893 2773 1956 2806 με,
1991 2772 2111 2807 κομας
2132 2771 2227 2807 eluar

1704 2816 1871 2877 Arum]
1923 2815 2212 2864 Valckenarius
2254 2813 2448 2878 reponit,
2510 2827 2668 2875 Emptam
2692 2815 2740 2875 ’μ’
2768 2822 2785 2862 3
2817 2837 2874 2864 κο-

1599 2905 1669 2943 μας
1692 2903 1788 2940 tuas
1809 2898 1941 2929 neum.
1998 2885 2064 2929 At
2094 2880 2365 2927 structuram
2396 2880 2601 2943 vulgatae
2624 2896 2763 2943 quare
2787 2883 2874 2927 im-

1598 2947 1801 3011 peditam
1834 2947 1956 2995 dicat
1984 2948 2057 2993 vir
2087 2947 2266 3003 doctus,
2302 2958 2379 2993 aut
2410 2945 2772 2993 emendationem
2805 2948 2871 2992 in-

1601 3013 1871 3059 stituendam
1893 3012 2086 3069 censeat,
2121 3012 2242 3059 haud
2267 3012 2486 3076 affequor.
2543 3012 2731 3059 Nemini
2751 3023 2874 3059 certe

1599 3095 1692 3126 uon
1723 3091 1834 3124 nota
1862 3078 1926 3125 est
1959 3079 2123 3141 ellipsis
2156 3078 2230 3124 illa
2267 3076 2504 3141 particulae
2533 3082 2614 3132 ὧςε,
2643 3099 2789 3138 emnem
2824 3099 2871 3138 με

1600 3150 1666 3196 ὁςῑ
1691 3155 1819 3192 ditum.
1878 3144 2052 3190 Contra
2083 3143 2305 3190 strufiiura
2335 3143 2428 3199 illa,
2465 3138 2612 3204 ετῇμενει
2641 3166 2687 3198 με
2720 3149 2735 3190 Ξ
2759 3153 2871 3191 atum

1600 3209 1785 3273 frigida,
1822 3209 1936 3256 mihi
1968 3208 2142 3265 saltem,
2176 3209 2374 3263 videtur,
2411 3223 2494 3254 nec
2525 3207 2735 3267 similem,
2771 3210 2871 3272 opi-

1605 3291 1706 3332 nor,
1741 3275 1863 3338 apud
1889 3276 2079 3322 Poetam
2107 3273 2309 3321 nostrum
2334 3275 2538 3338 reperies.

2713 3340 2873 3405 Qare

1597 3417 1754 3452 autem
1779 3407 1972 3454 verbum
1997 3429 2128 3455 emm
2154 3405 2227 3451 hic
2251 3406 2361 3452 stare
2384 3407 2650 3469 nonspoffit,
2685 3421 2776 3452 non
2796 3422 2871 3452 ca-

1596 3474 1710 3536 pio3
1741 3471 1831 3517 hac
1858 3472 2078 3518 nimirum
2103 3471 2348 3526 se-ntentia3
2384 3471 2525 3534 Qum
2545 3483 2732 3535 pugnam
2763 3471 2876 3535 quqfi

1589 3535 1757 3599 <aliquid
1775 3538 1863 3596 fibi
1883 3536 2110 3599 jucundum
2133 3539 2262 3583 Adam
2278 3537 2424 3596 statim
2453 3539 2633 3598 accipiet.
2683 3537 2871 3583 Lectio-

1598 3618 1714 3650 num
1745 3603 1942 3648 duarum
1974 3619 2030 3649 ex
2053 3603 2218 3666 quibus
2256 3603 2469 3648 alterutra
2499 3602 2762 3649 Valckenario
2789 3603 2871 3648 eli-

1593 3665 1753 3731 -genda
1781 3667 1976 3725 videtur,
2017 3667 2222 3724 alteram,
2257 3672 2384 3726 ιξεπα,
2429 3668 2705 3714 constructio
2742 3680 2871 3730 pror-

1596 3732 1673 3781 -sus
1713 3732 1888 3796 respuit.
1959 3732 2091 3794 Quid
2121 3733 2183 3781 est
2216 3735 2337 3781 enim
2370 3737 2414 3783 ἂν
2447 3755 2565 3794 mm
2596 3746 2685 3796 Αςκς
2721 3732 2867 3792 αξξ-ἕω.)

2002 3799 2046 3846 Ε
2764 3813 2869 3843 nam
