2964 4218
492 263 1504 386 PRoMETHEus
1627 304 2306 387 νῙ-Νοτυε.
2734 344 2770 404 7

91 439 418 508 interpolatum
442 438 570 488 fuiffe
599 439 716 488 mihi
745 438 1000 504 persuasum
1034 442 1114 499 est,
1150 442 1365 505 quicum

0 503 45 554 Γ
87 512 230 568 ιτεγξα
259 510 492 570 pron-ny&
535 521 775 569 perperam
803 507 993 571 legisset,
1044 507 1366 555 construetioni

11 574 23 630 J
63 573 181 625 ,hoc
218 572 354 636 paeto
389 570 648 620 consultum
690 572 878 621 voluiffe
911 572 1105 620 videtur.
1165 574 1367 621 Minime

0 631 29 675 ’Ξῖ
47 662 52 666 ·
92 651 245 687 autem
266 653 383 701 opus
406 637 469 684 est
491 640 536 686 in
558 638 728 685 horum
748 636 955 685 versuum
977 642 1110 686 tertio
1128 654 1235 687 cum
1253 639 1366 685 Tur-

15 699 188 764 3'ifnebo
227 717 442 767 reponere
477 726 640 759 vermi-3
691 699 966 766 adjectivum
999 707 1121 751 enim
1158 703 1365 752 masculi-

19 768 35 793 Ὗ
92 785 206 818 num
246 785 356 816 cum
398 768 677 816 substantivo
720 770 897 831 generis
936 767 1167 817 foeminini
1205 773 1366 834 saepius

78 834 213 900 'apud
239 837 421 883 Atticos
444 832 754 898 conjungitur.
813 835 933 882 Vide
963 844 1071 899 quae
1102 837 1365 883 notavimus

21 903 23 907 “
58 918 61 922 ’
92 901 152 949 ad
169 900 386 964 Euripidis
406 899 599 948 liffedeam
621 915 666 947 v.
695 905 807 962 850.

35 998 39 1004 ·
77 1003 88 1015 .
107 983 220 1027 402.
241 982 354 1031 403.
392 984 590 1031 Αμεγφτα
612 990 672 1032 2⁶²?
693 977 787 1016 πιᾱὶ
809 980 892 1017 zm

389 1041 494 1081 mm
515 1055 625 1094 νομως
650 1023 1056 1098 xpoewrm].·Versus
1091 1031 1191 1080 sunt
1227 1033 1363 1082 ionici

32 1118 38 1129 =·
97 1117 333 1159 αωωμενοι
355 1098 520 1146 similes
543 1101 752 1163 proxime
772 1099 1150 1164 praecedentibus.
1205 1100 1362 1157 Verte,

27 1203 30 1210 .
72 1165 291 1214 Enormia
312 1167 415 1213 enim
435 1164 522 1212 haec
541 1166 730 1228 Jupiter,
747 1168 928 1230 propriis
950 1181 998 1212 ex
1018 1165 1185 1228 legibus,
1209 1165 1256 1212 id
1279 1167 1361 1225 est,

22 1228 51 1255 f
85 1245 149 1278 ex
178 1233 364 1296 propria
401 1230 655 1288 voluntate,
689 1231 909 1279 decernens.
959 1253 1141 1295 αμησρπι
1176 1243 1270 1280 md}
1298 1233 1362 1280 est

86 1299 266 1344 enormia
301 1297 403 1353 haec,
446 1296 676 1356 immodica,
718 1300 951 1360 tyrannica,
989 1296 1183 1344 crudelia.

21 1367 27 1426 j
88 1360 185 1409 ulla
204 1362 278 1410 hic
301 1361 450 1410 subest
471 1363 657 1411 invidiae
692 1366 833 1411 notio,

83 1425 184 1491 'fere
214 1429 401 1495 linguis,
435 1427 591 1476 saltem
623 1428 781 1493 paullo
810 1429 1082 1478 cultioribus
1114 1427 1235 1476 hunc
1257 1446 1360 1478 mo-

16 1494 38 1510 *
88 1509 185 1541 rem
215 1495 422 1543 obtinere
442 1494 830 1558 deprehendetur;
878 1511 1015 1543 voces
1038 1494 1201 1542 scilicet
1223 1511 1249 1542 a
1267 1499 1359 1560 pri-

1257 1299 1360 1346 Nec

905 1365 958 1411 In
983 1363 1201 1410 omnibus
1236 1367 1359 1412 enim

3 1559 26 1590 ³²
61 1602 66 1618 ,
89 1561 234 1608 maria
257 1561 582 1626 significatione
616 1563 662 1609 in
685 1561 875 1610 alteram
895 1578 987 1610 non
1011 1561 1146 1624 plane
1165 1561 1360 1611 alienam

0 1625 15 1662 ἵ
64 1627 244 1690 'primo
268 1628 483 1684 deflexas,
518 1626 746 1692 analogiae
779 1645 868 1692 ope
898 1627 1142 1692 paullatim
1177 1627 1360 1692 lonqus

0 1667 33 1723 γ’*
76 1691 240 1742 adhuc
262 1693 440 1742 deflecti
463 1693 617 1751 solere,
655 1695 799 1743 donec
823 1694 1007 1742 tandem
1040 1695 1257 1758 primaria
1279 1695 1361 1742 ista

52 1795 61 1801 -
86 1757 359 1824 significatio
383 1758 573 1824 prorsus
612 1760 848 1818 exolescat,
886 1761 935 1808 &
959 1760 1182 1808 oblivioni
1207 1761 1358 1808 trada-

85 1836 177 1873 tur.
247 1826 317 1874 Ita
356 1828 580 1890 quoniam
619 1828 701 1890 qui
741 1828 893 1875 invide
929 1842 981 1874 ac
1026 1826 1227 1890 maligne
1262 1826 1357 1885 dat,

85 1905 224 1953 parce
243 1892 339 1950 dat,
374 1894 455 1956 qui
479 1907 589 1939 vero
611 1908 705 1940 non
726 1894 880 1941 invide
912 1894 1006 1950 dat,
1042 1892 1187 1955 plenis
1210 1895 1359 1941 mani·

29 1989 33 1992 <
86 1956 175 2004 bus
197 1958 408 2023 largitur,
431 1958 534 2005 ideo
555 1959 781 2020 primum,
807 1974 1097 2024 quaecunque
1119 1959 1358 2007 abundan-

3 2024 10 2079 ⁸,
84 2025 151 2071 tia
182 2024 234 2074 8:
265 2023 472 2071 ubertate
495 2025 732 2073 cumulata
751 2025 844 2072 visa
866 2024 985 2083 sunt,
1021 2039 1112 2072 non
1145 2025 1358 2086 invideri,

43 2094 46 2095 ⁷
84 2089 152 2146 δε,
188 2089 222 2138 si
246 2090 368 2139 bona
387 2102 532 2147 erant,
566 2103 723 2147 apem,
758 2090 791 2138 fi
828 2091 966 2148 mala,
1000 2113 1201 2154 αμεμρπι,
1235 2091 1356 2140 dice-

0 2204 7 2216 *
84 2154 270 2206 bantur..

338 2169 542 2220 Λμεμρτος
573 2159 697 2204 enim
730 2157 907 2221 semper
930 2158 1039 2206 m'ali
1063 2156 1285 2221 quiddam
1310 2161 1357 2207 in

0 2226 18 2282 ἶ
84 2223 272 2270 notione
303 2221 379 2270 sua
413 2221 626 2280 involvit,
662 2235 715 2271 ut
735 2245 921 2288 αμηαρτα
942 2247 1058 2281 &acm
1079 2223 1204 2286 apud
1222 2226 1354 2273 Euri·

0 2288 4 2294 ⁸
24 2302 28 2305 '
73 2287 168 2350 ΡΜ.
191 2289 349 2337 Hecub.
372 2299 552 2356 v.1⁴93.
589 2311 779 2355 αμεγφπν
800 2314 905 2340 voror
934 2291 984 2337 &
1004 2313 1182 2355 αμεμιρπ
1214 2300 1355 2342 cucco-m

83 2353 210 2418 apud
228 2354 511 2403 Homerum.
563 2357 744 2403 Dein‘de
763 2357 1036 2419 procedente
1058 2358 1284 2420 analogia,
1304 2374 1356 2405 ac

81 2435 198 2468 voce
227 2421 369 2469 indies
402 2421 645 2485 paullatim
678 2425 825 2487 magis
849 2439 900 2470 ac
923 2424 1070 2487 magis
1094 2438 1119 2469 a
1140 2426 1357 2486 primaria

81 2485 163 2535 illa
181 2487 508 2552 significatione
527 2487 721 2546 deflexa,
749 2490 933 2537 tandem
959 2491 1086 2536 notio
1109 2491 1260 2538 omnis
1285 2494 1354 2539 in-

82 2552 222 2600 vidiae
243 2557 448 2610 evanuit,
485 2555 534 2602 &
558 2555 783 2619 quicquid
804 2557 852 2603 in
870 2555 1001 2603 malis
1024 2568 1102 2602 aut
1123 2560 1355 2620 magnitu-

82 2617 190 2672 dine
218 2633 298 2668 aut
321 2620 616 2668 multitudine
643 2623 869 2676 exim-ium
899 2635 994 2669 erat
1024 2638 1079 2668 ea
1113 2622 1356 2685 significari

0 2713 4 2722 «
80 2687 243 2748 coepit,
297 2687 616 2750 Interpretatio
641 2700 794 2735 autem
819 2687 1062 2735 Pauwiana
1088 2705 1181 2736 non
1211 2691 1354 2737 modo

0 2796 2 2801 ,
60 2749 346 2800 'sententiam
373 2760 465 2800 non
489 2755 741 2817 egregiam,
773 2767 823 2801 ut
843 2755 918 2802 ille
936 2755 1147 2818 putabat,
1183 2755 1256 2802 sed
1277 2756 1354 2804 fri.

4 3024 15 3033 ²
78 3031 149 3063 nec
157 3017 262 3079 solet
286 3033 356 3064 nec
376 3017 503 3073 debet,
538 3017 743 3065 decernens
760 3021 946 3081 Jupiter.

79 2817 239 2880 gidam
263 2818 442 2882 prorsus
466 2819 515 2866 &
547 2820 769 2883 ineptam,
805 2821 937 2868 nobis
965 2821 1164 2869 exbibet.
1223 2822 1355 2887 Qid

79 2885 203 2931 enim
226 2884 316 2932 hoc
337 2883 549 2949 frigidius
573 2884 663 2932 dici
695 2887 878 2950 potest?
932 2887 1039 2934 Haec
1068 2890 1171 2935 enim
1192 2890 1353 2936 invidia

80 2953 263 2997 carentia
292 2968 343 2998 ac
372 2955 576 3006 caritura,
610 2969 700 3014 quae
722 2969 831 2999 nemo
861 2953 1047 3002 invidere
1083 2957 1179 3018 quia
1205 2967 1352 3016 prava

1019 3020 1120 3067 Nec
1156 3023 1218 3067 ita
1252 3020 1352 3068 sane

81 3079 277 3146 benigne
310 3099 419 3133 cum
453 3085 546 3130 vita
580 3083 796 3141 humana,
834 3102 888 3132 ne
914 3085 1026 3132 bene
1058 3087 1264 3150 quidem,
1300 3100 1352 3134 ut

78 3147 225 3212 vulgo
246 3152 452 3212 putatur,
488 3163 681 3206 morata,
704 3154 874 3215 agitur,
909 3165 962 3198 ut
986 3153 1138 3200 Prava
1158 3152 1351 3200 aemula-

78 3212 202 3260 tione
219 3230 271 3261 ac
294 3216 465 3263 invidia
488 3215 663 3278 semper
685 3226 878 3264 careant.
933 3217 1083 3264 Aliter
1103 3219 1238 3281 plane
1256 3219 1350 3266 sen-

80 3277 132 3325 sit
153 3279 440 3328 Psalmorum
461 3280 692 3330 sacrorum
713 3283 909 3330 Aueftor.
945 3283 1032 3330 Sed
1057 3284 1156 3331 haec
1179 3284 1352 3333 somnia

78 3343 181 3392 sunt
204 3347 248 3393 in
269 3346 482 3394 cathedra
505 3349 872 3396 dormitantium.

119 3475 227 3524 liani
247 3479 515 3527 emendatos
539 3480 777 3536 constitue,

0 3423 78 3477 >40
115 3446 126 3457 .
149 3427 262 3473 405.
300 3413 371 3460 Ita
394 3413 479 3460 hos
502 3413 653 3461 versus
683 3431 739 3460 ex
770 3416 1035 3463 ati&oritate
1060 3418 1192 3464 MSti
1212 3418 1350 3464 Arun-

209 3554 434 3606 ngnpmr
451 3560 555 3596 svm
575 3548 751 3594 ionicus
767 3566 1011 3602 ανακλωμενος
1029 3545 1184 3602 similis
1200 3549 1350 3611 proxi-

459 3643 492 3670 ..v
654 3637 666 3653 ·
860 3628 934 3658 me
954 3613 1316 3675 praecedentibus

210 3685 302 3729 Tam
330 3700 435 3740 nugor
466 3686 629 3730 dumam
661 3703 806 3746 οαχμιν
837 3678 1175 3725 choriambicus
1205 3678 1352 3727 dime-

187 3755 193 3763 '
825 3757 894 3792 ter
914 3745 1314 3809 hypercatalectus

1502 447 1781 497 Sententiam
1813 462 1965 497 autem
1997 447 2132 513 hujus
2165 450 2255 499 loci
2287 449 2479 498 minime
2513 447 2612 496 sane
2650 446 2772 494 diffi-

1500 512 1599 559 cilis
1623 530 1742 562 nova
1772 516 1849 565 sua
1881 516 2183 578 explicatione
2217 514 2400 580 prorsus
2427 513 2627 578 perdidit
2650 514 2771 561 Pau-

1499 580 1622 626 wius.
1698 580 1877 627 Eodem
1907 583 2029 628 enim
2055 582 2196 631 modo
2218 585 2538 645 interpretatur
2558 586 2770 640 ὖπιςκφανον

1499 666 1570 692 ἠις
1597 669 1709 704 miger
1738 658 1833 694 θεοκ
1854 669 1995 711 cumam
2016 653 2187 706 &imam
2221 663 2272 695 ac
2307 648 2340 695 sl
2370 647 2513 694 Poeta
2542 644 2777 710 scripslffet

1500 717 1715 773 Cvrtpnqocwov
1746 735 1818 760 των
1845 736 1950 774 nugor
1976 725 2068 762 &mv
2099 738 2256 780 ααχμην,
2289 712 2450 761 dativo
2481 710 2646 760 scilicet
2678 726 2767 776 pro

1424 806 1437 821 .
1498 778 1702 838 genitivo
1724 778 1887 840 posito.
1941 779 2027 825 Sed
2050 783 2219 842 primo,
2255 793 2497 842 nunquam
2518 778 2767 841 caliginem

1498 853 1673 888 tantam
1698 844 1743 889 in
1767 842 2029 892 sententiam
2054 844 2177 894 ultro
2197 844 2407 893 inducere
2433 843 2623 891 voluiffe
2651 844 2768 891 Poe-

1496 919 1594 954 tam
1630 907 1928 971 persuadebit,
1975 924 2194 973 quantam
2234 926 2292 958 ex
2330 909 2506 957 insolita
2540 908 2621 956 ista
2653 924 2766 957 con-

1496 972 1738 1020 struetione
1760 973 1868 1021 oriri
1893 976 2059 1022 neceffe
2082 977 2162 1033 est,
2197 976 2352 1024 dativo
2374 973 2539 1023 scilicet
2559 973 2768 1038 personae

1495 1054 1585 1100 pro
1618 1041 1821 1102 genitivo
1859 1041 2024 1103 posito,
2067 1058 2119 1088 ac
2155 1043 2299 1090 verbo
2337 1040 2504 1105 absque
2538 1042 2765 1105 regimine

1497 1104 1647 1152 statim
1671 1104 1911 1168 snbjundffi
1934 1108 2015 1170 qui
2038 1107 2256 1156 dativum
2289 1110 2426 1155 etiam
2460 1106 2662 1170 personae
2692 1123 2765 1154 te-

1495 1187 1603 1234 gere
1627 1170 1749 1218 solet.
1812 1173 1924 1220 Hoc
1958 1189 2069 1220 vero
2097 1174 2389 1229 transeamus,
2426 1174 2474 1220 &
2499 1172 2768 1220 sententiam-

1484 1234 1622 1299 juxta
1654 1237 1771 1285 hanc
1800 1240 2216 1302 interpretationem
2247 1238 2572 1303 expendamus,
2625 1239 2763 1302 Jupi-

1494 1315 1561 1348 ter
1595 1304 1951 1365 praecedentium
1990 1304 2182 1353 deorum
2209 1307 2462 1370 potentiam
2495 1303 2765 1351 insolentem

1493 1368 1699 1416 ostentat.
1765 1370 1953 1435 Quibus
1976 1371 2130 1434 quaeso
2154 1372 2438 1419 insolentiam
2461 1370 2590 1417 istam
2613 1370 2765 1417 osten-

1493 1434 1593 1481 tat?
1645 1436 1897 1499 Praecipue‚
1934 1450 1986 1483 ut
2019 1439 2199 1500 opinor,
2236 1438 2422 1493 nemini,
2458 1437 2687 1483 neminem
2714 1452 2764 1482 e-

1493 1503 1592 1548 nim
1616 1516 1713 1563 prae
1738 1501 1833 1549 aliis
1858 1503 2055 1550 indicant
2071 1504 2312 1568 Nymphae
2332 1526 2349 1558 ·,
2381 1503 2466 1550 toti
2489 1503 2629 1567 igitur
2650 1502 2763 1549 deo·

1494 1582 1598 1614 rum
1617 1569 1762 1631 genti.
1827 1569 1973 1615 Nulla
1994 1582 2234 1633 propterea
2254 1569 2355 1617 satis
2368 1566 2493 1632 justa
2514 1580 2609 1615 erat
2630 1568 2763 1615 causa

1493 1649 1636 1696 quare
1659 1633 1750 1682 illae
1770 1636 2070 1698 potissimum,
2096 1636 2145 1682 δε
2167 1637 2316 1700 magis
2339 1650 2482 1698 quam
2505 1634 2568 1680 dii
2588 1636 2763 1691 caeteri,

1493 1698 1721 1746 insolentis
1744 1699 1879 1763 hujus
1902 1703 2121 1765 potentiae
2144 1702 2529 1765 contemplatione
2555 1700 2671 1747 adeo
2693 1699 2764 1748 af-

1493 1765 1750 1823 ficerentur,
1786 1780 1839 1814 ut
1861 1767 2154 1816 lacrimarum
2177 1768 2365 1815 flumine
2385 1781 2524 1830 genas
2547 1768 2766 1830 rigarent.

1493 1830 1830 1894 Lacrymarum
1855 1837 1976 1893 enim
2000 1832 2182 1880 suarum
2211 1834 2328 1881 hanc
2361 1834 2445 1880 effe
2472 1831 2655 1880 causam
2688 1833 2762 1880 di·

1493 1896 1602 1944 serte
1639 1899 1832 1947 afferunt
1863 1917 1907 1946 v.
1934 1915 2047 1958 402.
2086 1900 2169 1947 ubi
2201 1899 2399 1947 notanda
2430 1899 2656 1963 particula
2682 1922 2768 1964 2⁶2?-

1493 1966 1600 2027 Jam
1619 1980 1728 2011 vero
1750 1965 1782 2016 s1
1803 1967 2215 2028 interpretationem
2237 1965 2480 2030 vulgarem
2500 1966 2765 2029 sequamur,

1493 2029 1678 2096 Jupiter
1719 2034 1971 2095 potentiam
2013 2032 2277 2079 insolentem
2315 2032 2508 2079 ostentat
2550 2032 2635 2078 diis
2675 2033 2760 2095 qui

1492 2114 1599 2146 eum
1618 2099 1664 2144 in
1688 2114 1831 2162 regno
1854 2098 2428 2162 praecefferant‚Titanibus
2446 2096 2610 2144 scilicet
2633 2097 2761 2147 Coeli

1490 2165 1746 2230 progeniei,
1781 2166 1861 2228 qui
1883 2163 1963 2211 sub
1979 2165 2174 2212 Saturno
2195 2166 2364 2227 primas
2389 2166 2437 2211 in
2459 2165 2589 2227 regni
2609 2163 2764 2211 admi·

1491 2229 1749 2279 nistratione
1783 2231 2087 2286 obtinuerant,
2122 2228 2272 2277 statim
2308 2242 2496 2295 apparet
2527 2228 2659 2276 causa
2692 2229 2765 2277 la-

1490 2312 1752 2360 crymarum
1775 2295 2020 2344 domestica
2043 2297 2091 2343 δε
2113 2298 2309 2361 propria.
2363 2295 2604 2359 Nymphae
2632 2297 2761 2343 enim

1492 2365 1583 2413 illae
1606 2381 1629 2410 e
1652 2361 1860 2427 prosapia
1881 2377 2007 2410 erant
2027 2362 2220 2410 deorum
2245 2362 2435 2410 istorum
2460 2364 2760 2425 antiquorum

1491 2429 1737 2477 insolentiae
1761 2430 1890 2491 Jovis
1919 2445 2016 2493 prae
2038 2430 2212 2476 caeteris
2236 2429 2545 2476 obnoxiorum
2564 2450 2580 2483 ·,
2621 2441 2763 2492 atque

1490 2497 1604 2543 adeo
1628 2497 1817 2544 minime
1840 2499 2009 2544 mirum
2033 2509 2127 2552 erat
2150 2495 2183 2541 fi
2210 2511 2352 2559 poena
2375 2494 2638 2542 Promethei
2661 2509 2764 2558 per.

1490 2561 1642 2618 culsae,
1666 2564 1836 2625 pariete
1859 2563 1984 2625 quast
2007 2562 2219 2625 proximo
2242 2561 2444 2616 ardente,
2479 2559 2535 2606 de
2570 2562 2768 2624 proprio

1488 2627 1696 2690 periculo
1717 2630 1987 2690 cogitarent,
2020 2629 2086 2682 δε,
2122 2643 2176 2674 ne
2198 2627 2339 2690 usque
2366 2626 2422 2672 ad
2454 2626 2501 2673 se
2527 2627 2763 2689 pertinge-

1488 2708 1554 2742 ret
1593 2695 1725 2755 Jovis
1767 2693 1998 2741 insolentia
2035 2693 2131 2749 ista,
2182 2694 2410 2748 timentes,
2459 2691 2532 2738 dei
2571 2693 2763 2756 cognati

1485 2760 1720 2823 supplicia,
1755 2759 2048 2823 propriasque
2077 2761 2246 2822 pariter
2277 2760 2420 2814 vices„
2448 2759 2619 2821 quippe
2650 2760 2762 2820 qui--

1487 2828 1573 2873 bus
1598 2827 1757 2872 simil-ia
1780 2825 1927 2872 forsan
1950 2825 2292 2888 impendebant,
2329 2823 2551 2887 lugerent.

1418 2894 1476 2940 V.
1500 2895 1613 2952 408.
1641 2908 1755 2955 409.
1806 2892 1878 2939 Ut
1913 2886 2341 2953 metrumstrophae
2374 2887 2655 2952 respondeat,
2691 2889 2760 2936 ita

1484 2958 1757 3006 emendandi
1781 2958 1829 3003 δι
1854 2955 2152 3004 constituendi
2174 2955 2273 3003 sunt
2297 2956 2344 3002 hi
2365 2954 2535 3012 versus,

1617 3038 1904 3087 Moaaoqgifmva
1927 3024 2077 3087 κφῖρχω-

1615 3111 1743 3152 O‘ffpfl'm
1768 3113 1905 3142 §eroum
1929 3113 1993 3138 ‘Tay
2015 3114 2088 3137 W.

1485 3157 1609 3203 Ante
1632 3177 1866 3219 αςχαιοπςεηκ
1885 3169 1971 3216 pro
1994 3154 2161 3216 copula
2184 3177 2224 3202 π
2251 3151 2581 3201 rescribendum
2603 3151 2761 3200 censuix

1482 3248 1552 3276 m,
1589 3221 1918 3267 constructione
1940 3222 2002 3266 ita
2024 3219 2308 3281 postulante3
2345 3220 2393 3266 &
2416 3235 2502 3282 pro
2526 3243 2649 3272 ςενσυοτ
2680 3235 2755 3266 re·

1482 3286 1607 3350 posui
1631 3303 1686 3332 ex
1710 3286 1858 3332 MStis
1883 3286 2075 3333 Arundel.
2102 3286 2151 3331 &
2174 3287 2306 3333 Oxon.
2333 3308 2486 3336 ςενουπι.

1417 3369 1669 3415 413.414.
1725 3352 1831 3398 Hos
1870 3351 2034 3406 versus,
2081 3367 2164 3414 pro
2205 3374 2274 3399 am
2314 3351 2507 3414 reposito
2544 3367 2572 3397 e
2605 3351 2759 3399 MSro

1482 3421 1614 3466 Oxon.
1642 3440 1726 3466 πιω
1749 3420 1811 3463 ita
1832 3416 2074 3473 constitue,

1615 3497 1879 3540 Μεγιλοςονοισι
1909 3505 1989 3529 oven

1615 3563 1729 3606 Πκμα
1735 3571 1771 3595 51
1794 3571 2020 3607 συγζαμνουσι
2045 3559 2172 3596 &im-mn

1416 3630 1525 3679 4²7·
1551 3618 1663 3672 418.
1701 3614 1770 3660 Ita
1794 3613 1841 3660 hi·
1863 3613 2013 3659 versus
2036 3613 2246 3660 constitui
2271 3612 2453 3668 debent,

1614 3693 1684 3726 Kau
1704 3693 1848 3728 >tmen
1871 3685 2007 3736 ὅμιλος,
2042 3689 2071 3727 οἳ

1615 3759 1756 3812 Eximi·
1780 3768 1872 3809 ,Ἥρω
1895 3763 2004 3805 ἄμφι,

2099 3722 2112 3741 Ι

2095 3704 2159 3732 ωας
2182 3679 2436 3728 trochaicus
2461 3677 2655 3733 dirreter
2710 3685 2718 3690 “

2636 3811 2752 3857 Yoets
