2964 4218
144 243 237 347 ,14

213 474 346 507 metri
368 471 545 506 tantum
570 460 684 504 ratio
704 459 861 519 exigit,
887 454 958 502 sed
979 454 1193 502 sermonis
1214 452 1352 498 etiam
1377 450 1467 496 ele·

206 526 382 588 gantiae
406 522 598 579 interest,
633 534 683 569 ut
701 521 995 568 rescribamus
1019 535 1127 567 cum
1155 519 1353 573 Pauwio,
1385 534 1468 570 vm

211 593 250 649 γ’
270 590 376 653 eyay’
388 611 443 637 αν.
1324 646 1332 655 ⁸

144 665 260 716 Υ770.
299 670 365 702 Τις
385 677 438 702 ουν
460 659 476 700 ὃ
497 670 609 701 mom
631 651 669 699 σ·’
687 674 750 702 εςτν
772 673 915 700 ακοντος
936 648 1051 711 Atos]
1109 649 1266 696 Locus
1289 645 1379 720 hle,
1414 654 1467 690 ut

210 734 333 766 nunc
368 719 551 781 legitur,
603 719 782 779 magnis
818 713 1163 763 difficultatibus
1201 711 1466 764 involvitur,

207 800 294 832 nec
322 782 422 831 satis
451 797 557 828 cum
579 781 939 843 praecedentibus
970 796 1016 826 v.
1042 780 1131 843 167
1159 806 1203 811 ψ
1242 791 1349 839 177.
1376 773 1469 821 186

207 875 275 884 —
306 864 413 912 192.
445 851 536 908 518
566 873 626 881 —
647 862 758 907 524,
794 861 874 892 nec
913 861 1020 892 cum
1047 842 1350 908 sequentibus,
1385 855 1468 885 nec

203 929 318 960 cum
341 912 437 976 ipso
465 923 678 958 contextu
705 911 966 965 immediate
987 910 1282 974 praecedente,
1317 905 1469 952 cohae-

210 990 294 1034 ret,
342 978 471 1041 quod
500 978 549 1024 δε
572 976 750 1023 dudum
777 976 1091 1024 observaverat
1113 975 1325 1022 Canterus.
1405 970 1470 1017 E-

210 1043 444 1090 mendatio
482 1044 655 1090 Pauwii
689 1041 789 1089 satis
822 1042 884 1089 est
922 1040 1126 1106 speciosa,
1172 1038 1337 1094 fateor,
1382 1051 1469 1099 pro

203 1131 357 1158 ωωντος
372 1109 629 1170 reponentis
650 1124 829 1173 αρχηιπς,
848 1107 920 1154 sed
935 1107 1116 1155 duabus
1132 1106 1362 1169 praecipue
1383 1101 1469 1148 ob-

202 1171 477 1237 jectionibus
496 1175 756 1236 premitur;>
776 1189 974 1236 quarum
996 1188 1088 1219 una
1108 1171 1187 1227 est,
1221 1167 1349 1232 quod
1365 1182 1470 1214 ean-

210 1239 318 1285 dem
347 1238 524 1301 prorsus
558 1255 610 1286 ac
646 1239 832 1302 vulgata
861 1239 993 1286 lectio
1024 1237 1284 1284 sententiam
1307 1233 1471 1296 sugge-

210 1321 307 1351 rere
329 1304 522 1351 videtur.
558 1305 667 1367 Qis
686 1315 725 1351 te
735 1306 945 1368 soluturus
965 1309 1023 1352 εέῖ
1037 1307 1148 1367 Jove
1168 1301 1377 1363 imperium
1399 1298 1470 1344 ob-

204 1371 394 1417 tinente?
429 1370 599 1416 Nonne
622 1371 720 1417 haec
743 1370 885 1416 verba
906 1373 1090 1418 innuere
1111 1368 1336 1421 videntur,
1362 1379 1471 1411 eum

208 1448 371 1482 contra
401 1435 536 1496 Jovis
572 1438 836 1499 imperium,
871 1434 998 1498 cujus
1019 1433 1141 1496 juffu
1171 1430 1471 1480 Prometheus

210 1500 397 1564 scopulo
437 1503 599 1548 affixus
632 1502 797 1558 fuerat,
832 1500 1060 1548 facturum
1093 1500 1174 1563 qui
1204 1498 1326 1544 hunc
1365 1495 1469 1542 inde

206 1566 453 1614 liberaret?
505 1568 648 1628 Juxta
672 1569 846 1614 Pauwii
878 1567 1154 1621 sententiam,
1191 1564 1253 1610 ita
1280 1561 1471 1626 quidem

210 1631 368 1678 locum
399 1633 679 1695 interpretari
714 1632 968 1687 debemus3
1006 1632 1126 1695 Qis
1151 1630 1292 1693 igitur
1313 1627 1375 1674 est
1398 1626 1473 1673 ille

205 1698 293 1759 vqui
327 1710 370 1743 te
396 1697 665 1745 liberaturus
689 1698 769 1754 est,
804 1698 918 1744 dum
942 1697 1090 1744 adhuc
1112 1696 1291 1758 Jupiter
1313 1693 1358 1740 in
1379 1693 1472 1739 im-

209 1764 338 1825 perio
366 1762 632 1810 constitutus
657 1775 826 1820 manet,
864 1764 913 1810 &
936 1776 1179 1826 antequam
1215 1775 1357 1823 regno
1387 1773 1471 1805 ex-

206 1828 386 1884 ciderit,
421 1827 532 1875 adeo
554 1842 607 1875 ut
633 1829 889 1893 periculum
925 1829 1044 1875 istud
1074 1828 1132 1874 ab
1167 1825 1246 1873 illo
1275 1836 1473 1872 avertere

206 1893 261 1940 ἃ
284 1894 431 1939 valeas
454 1894 504 1939 &
528 1894 672 1941 velis?
710 1895 796 1942 Sed
830 1895 862 1940 si
892 1910 943 1940 ea
977 1909 1104 1940 mens
1137 1894 1293 1940 Poetae
1318 1905 1473 1936 revera

207 1956 372 2014 fuisset,
407 1971 610 2005 mentem
645 1977 746 2008 eam
783 1962 931 2023 magis
959 1958 1190 2022 perspicue
1221 1957 1474 2019 exprimere

210 2024 261 2070 δε
283 2023 492 2086 potuiffet
514 2025 563 2071 &
580 2024 811 2073 debuiffet.
858 2026 959 2072 Nec
982 2022 1146 2088 parum
1169 2023 1344 2089 roboris
1366 2022 1473 2068 huic

209 2086 452 2152 objeffioni
487 2090 658 2138 accedit
691 2108 748 2138 ex
785 2091 939 2147 altera,
974 2106 1082 2153 quae
1110 2086 1371 2150 hujusmodi
1393 2086 1469 2133 est.

209 2155 260 2201 Si
279 2156 397 2216 Jove
415 2155 594 2202 volente
613 2156 869 2204 liberandus
888 2167 980 2202 erat
999 2155 1317 2210 Prometheus,
1351 2153 1473 2210 unde

211 2221 282 2268 Ioi
321 2222 367 2266 in
398 2233 600 2268 mentem
636 2223 786 2269 venire
820 2233 999 2284 poterat
1030 2221 1171 2268 alium
1208 2234 1472 2283 quenquam

211 2283 306 2347 ejus
330 2286 619 2334 liberatorem
642 2289 724 2334 effe
742 2287 921 2344 debere,
945 2300 1109 2349 praeter
1125 2284 1271 2350 ipsum
1287 2285 1472 2346 Jovem,

213 2363 294 2397 aut
325 2350 479 2398 saltem
509 2351 603 2415 ejus
629 2354 852 2400 ministros
881 2355 962 2415 qui
984 2369 1090 2400 eum
1115 2352 1256 2398 modo
1278 2352 1381 2413 rupi
1403 2349 1474 2396 af-

212 2418 438 2464 fixerant?
474 2418 562 2464 Ista
578 2419 872 2465 confideratio
894 2418 1074 2465 suadere
1095 2418 1289 2472 videtur,
1313 2416 1368 2462 Io
1386 2432 1475 2479 pu-

213 2483 319 2529 tass‘e
355 2484 505 2531 invito
538 2484 656 2544 Jove
688 2484 972 2531 liberandum
1006 2485 1090 2530 effe
1124 2481 1475 2537 Prometheum,

212 2563 306 2596 non
324 2551 446 2596 enim
470 2548 597 2595 aliter
615 2549 671 2596 de
695 2550 783 2596 alio
806 2550 1058 2610 liberatore,
1073 2550 1321 2611 imperante
1339 2547 1474 2607 Jove,
1499 2590 1510 2602 s

213 2613 340 2662 illico
363 2614 609 2678 cogitaflet.
677 2616 764 2662 Sed
795 2629 887 2662 non
911 2615 1010 2661 haec
1029 2617 1143 2661 tanti
1165 2613 1378 2677 ponderis
1394 2612 1478 2658 esse

215 2679 443 2734 existimo,
481 2691 530 2724 ut
552 2680 655 2726 ideo
679 2678 987 2743 conjecsturam
1007 2679 1136 2726 istam
1168 2679 1317 2725 statim
1340 2693 1476 2740 repu-

210 2744 430 2791 diandam
458 2757 650 2808 putem,
704 2745 1019 2809 ampliandum
1048 2745 1130 2792 effe
1159 2757 1349 2792 tantum.
1371 2758 1478 2790 cen-

188 2813 190 2815 ’
211 2809 296 2858 seo.

152 2891 263 2939 790·
291 2890 402 2939 791,
439 2890 534 2939 Προς
555 2896 700 2929 ανπλας
724 2895 917 2941 omoynum<
939 2884 1118 2928 ἦλιοςτζεις

434 2956 569 2990 Homo
591 2966 729 3004 ‘712ngoe
751 2945 938 3004 φλοισζον]
976 2943 1118 2989 Recte
1142 2942 1255 2989 Vidit
1275 2944 1481 2990 Pauwius

212 3006 470 3054 claudicare
508 3005 640 3069 hujus
684 3008 774 3055 loci
808 3008 1204 3063 constructionem,
1251 3009 1301 3054 δε
1339 3009 1480 3055 verbo

212 3087 368 3134 egere,
401 3085 454 3119 ut
477 3072 639 3118 habeat
661 3074 707 3119 in
730 3089 824 3135 quo
848 3072 1070 3120 consistat.
1126 3076 1226 3120 Aut
1249 3074 1389 3136 igitur
1412 3075 1478 3121 di-

213 3137 414 3183 cendum
436 3137 499 3183 est
526 3138 744 3199 quaedam
777 3139 998 3194 excidisse,
1034 3138 1160 3200 quod
1196 3139 1479 3186 verisimilius

156 3210 168 3217 ”
217 3214 351 3265 puto,
381 3209 460 3248 aut
485 3200 634 3250 forsan
657 3203 836 3250 admitti
849 3203 1004 3267 *potest
1027 3203 1202 3250 Pauwii
1223 3202 1478 3267 conjectura

217 3268 492 3330 reponentis,
538 3323 541 3325 ,

350 3346 444 3394 Πςος
463 3352 609 3385 awa-cmg
632 3351 826 3398 φλογυπας
847 3342 1073 3385 ἧλιοόςκξετς.
1119 3341 1122 3344 ’

214 3397 368 3462 Qod
384 3412 493 3444 vero
515 3398 639 3445 addit
661 3407 841 3452 ἧλιοςιβεις
860 3399 1056 3446 verbum
1079 3399 1162 3447 effe
1184 3401 1322 3463 posse,
1342 3414 1479 3465 atque

217 3463 326 3519 hoe,
362 3478 628 3527 quanquam
662 3465 823 3526 paullo
858 3465 1088 3521 audacius,
1123 3480 1276 3513 tamen
1303 3469 1478 3528 AEschy-

212 3527 323 3575 Icum
357 3543 511 3574 revera
544 3529 643 3584 effe,
680 3529 884 3585 mallem,
928 3542 981 3576 ut
1010 3531 1146 3592 ipsius
1181 3532 1330 3579 verbis
1360 3546 1478 3589 utar,

215 3592 431 3642 tacuiffet.
487 3594 613 3641 Nam
635 3593 668 3642 fi
691 3594 1010 3642 concederetur
1031 3596 1229 3644 verbum
1251 3598 1350 3654 effe,
1386 3614 1478 3646 non

1034 253 1976 331 AE,SCHYL1

147 396 207 443 V,
228 395 343 459 7769.
379 407 433 441 ου
464 403 580 450 θηται,
612 414 702 442 wem
732 392 838 456 27127'
855 413 898 438 αν
932 411 970 438 εκ
1004 399 1143 449 amm
1176 387 1305 447 λυθω]
1354 385 1467 433 Non
1524 422 1530 426 .
1600 383 1887 447 significaret,
1933 392 2071 445 prout
2101 379 2194 444 ipse
2228 382 2310 430 fibi
2341 383 2496 449 fingit,
2540 386 2586 433 in
2606 385 2692 447 sole
2723 386 2863 444 vadis,
2935 371 2944 384 ζ

1599 448 1673 496 sed
1683 449 1808 510 solem
1828 447 1978 509 paleas,
2015 448 2142 510 quod
2162 447 2526 497 absurdiffimum
2545 452 2664 498 effet.

1534 514 1596 562 V.
1618 529 1729 578 791.
1753 529 1864 577 792.
1900 514 2040 560 Inane
2061 511 2211 560 forsan
2233 529 2285 561 ac
2306 513 2439 563 fiitile
2459 516 2698 564 consilium
2721 515 2868 564 videri

1602 710 1852 766 rationibus
1891 710 2183 774 percellendis
2211 713 2434 770 intentus,
2476 727 2635 760 veram
2669 728 2878 777 geogra-a.

1598 775 1775 838 phiam‚
1811 775 2145 840 regionumque
2168 792 2219 824 ac
2242 779 2525 841 populorum
2558 778 2694 826 situm
2725 779 2886 827 ac'fi»
2927 819 2929 822 .

1601 856 1696 898 nes,
1733 854 1811 889 aut
1830 843 1966 905 plane
1981 842 2223 906 ignorasse,
2258 857 2336 891 aut
2357 829 2517 891 saltem
2536 842 2692 908 susque
2719 844 2869 908 deque

1601 906 1815 964 habuifle,
1851 921 1989 971 atque
2011 907 2125 955 adeo
2146 911 2303 956 omnia
2324 908 2578 972 promiscue
2599 909 2797 957 turbass‘e-
2814 924 2869 957 ac
2886 921 2899 931 ·
2912 923 2919 926 '⁴
2958 920 2960 923 ’

1602 972 1818 1020 miscuiffe
1839 974 2034 1020 videtur.
2062 991 2068 996 ·
2087 974 2327 1039 Qoniam
2350 988 2505 1022 tamen
2523 977 2744 1033 Pauwius‚
2767 988 2869 1039 prae
2930 980 2935 1018 J

1602 1038 1748 1085 nimio
1777 1038 1925 1086 studio
1955 1039 2189 1087 fiffionern
2212 1043 2440 1103 poeticam
2471 1052 2716 1105 rerumque
2745 1042 2868 1100 veri-
2926 1089 2928 1092 ,
2960 1047 2961 1050 ’

1601 1114 1743 1151 tatem
1778 1106 1895 1151 inter
1934 1106 1976 1154 se
1998 1106 2301 1163 conciliandi,
2353 1123 2444 1154 non
2485 1098 2630 1154 unum
2668 1113 2870 1157 errorem*
2919 1135 2932 1179 -μ

1602 1170 1722 1216 circa
1745 1170 1860 1223 hanc
1884 1186 1980 1218 rem
2004 1173 2188 1229 erravit,
2223 1172 2413 1220 brevem
2442 1188 2533 1236 ego
2562 1187 2752 1236 quoque
2785 1172 2870 1221 hu-

1592 1232 1719 1297 jusce
1739 1236 1908 1283 itineris
1930 1235 2279 1284 delineationem
2314 1253 2371 1284 ex
2405 1238 2542 1301 ipsius
2572 1239 2730 1286 Poetae
2763 1253 2868 1285 ver·
2918 1240 2920 1242 ’

1604 1301 1692 1358 bis,
1749 1299 1919 1364 rejeetis
1955 1302 2390 1356 Commentatorum
2421 1305 2712 1361 commentis,
2765 1315 2872 1351 ante
2926 1315 2935 1330 *³

1603 1367 1980 1421 Leftorisoculos
1992 1383 2163 1431 ponere
2177 1384 2270 1416 non
2288 1369 2530 1433 gravabor.
2567 1368 2871 1419 Prometheus
2923 1376 2926 1385 ’

1601 1435 1743 1497 igitur
1766 1435 1814 1480 in
1836 1434 2001 1481 ultima
2023 1434 2208 1498 Scythia
2230 1435 2501 1495 occidentali
2531 1438 2598 1496 (v.
2625 1449 2733 1488 1.-2.
2757 1434 2870 1499 7062
2927 1440 2937 1461 ³

1600 1501 1741 1563 707.)
1773 1501 1874 1562 rupi
1908 1500 2070 1547 affixus
2095 1498 2294 1562 jacebat.
2344 1500 2425 1548 Ab
2466 1500 2554 1548 hoc
2587 1500 2779 1565 digrefl'a
2815 1500 2872 1548 Io

1604 1567 1690 1612 iter
1719 1565 1941 1611 orientem
1972 1564 2124 1612 versus
2159 1565 2306 1614 facere
2334 1566 2549 1623 debebat,
2584 1566 2644 1613 ad
2677 1564 2870 1630 Scythas
2934 1599 2938 1602 -

1603 1629 1744 1693 usque
1766 1630 2027 1687 Nomadas,
2061 1645 2198 1695 atque
2221 1632 2290 1679 his
2313 1633 2492 1679 evitatis
2514 1630 2707 1685 cursum
2717 1643 2871 1680 tenere
2933 1647 2937 1690 j

1603 1711 1749 1760 prope
1773 1697 1909 1743 maris
1927 1696 2090 1754 litora,
2138 1696 2211 1744 sed
2233 1714 2291 1745 an
2315 1698 2403 1746 hoc
2427 1693 2639 1745 mare'illi
2662 1697 2872 1759 &dextra

1604 1773 1683 1808 aut
1723 1777 1749 1807 a
1786 1761 1957 1808 sinistra
1993 1776 2105 1820 erat,
2148 1779 2241 1811 non
2280 1763 2464 1820 dicitur,
2502 1779 2585 1810 nec
2609 1763 2870 1827 quidquam
2935 1767 2938 1772 '

1605 1826 1725 1877 unde
1745 1825 2055 1889 conjecttiram
2071 1830 2234 1876 ducere
2256 1831 2476 1892 poffimus
2491 1827 2730 1892 quodnam
2747 1827 2873 1877 mare

1603 1894 1648 1939 in
1673 1904 1826 1939 mente
1848 1893 2011 1940 habuit
2031 1895 2203 1947 Poeta„
2246 1896 2440 1942 Certum
2474 1893 2539 1941 est
2571 1904 2726 1942 tamen
2758 1892 2870 1943 Cas·-
2907 1895 2942 1954 s·

1602 1961 1734 2022 pium
1760 1974 1883 2005 mare
1904 1974 1998 2006 non
2019 1957 2165 2017 fuiffe,
2200 1959 2328 2023 quod
2344 1958 2491 2007 censet
2512 1958 2746 2016 Pauwius‚⁸
2759 1962 2872 2028 quia

1604 2026 1658 2071 Io
1679 2025 1901 2070 orientem
1924 2024 2075 2072 versus
2105 2026 2336 2089 progreffa
2371 2024 2580 2072 nondum
2604 2025 2665 2072 ad
2692 2025 2871 2074 Cauca·
2935 2027 2944 2037 ”

1604 2089 1704 2136 sum
1725 2103 2006 2152 pervenerat.
2070 2091 2249 2138 Deinde
2282 2092 2323 2137 ei
2352 2107 2379 2138 a
2402 2090 2587 2148 sinistra,
2621 2091 2670 2139 id
2696 2087 2872 2149 est,'ad
2921 2127 2924 2130 «

1603 2154 1950 2218 septentrionem
1968 2157 2363 2220 (proficiscebatur
2383 2158 2508 2204 enim
2530 2158 2753 2205 orientem
2762 2152 2886 2206 ver-⁶
2931 2158 2936 2213 f

1605 2220 1697 2280 sus)
1721 2234 1970 2268 occurrunt
1991 2223 2237 2286 Chalybes,
2261 2239 2378 2286 quos
2391 2224 2530 2270 etiam
2546 2224 2714 2271 evitare
2730 2232 2897 2288 opor-s

1605 2287 1747 2343 tebat,
1797 2289 1880 2334 iter
1917 2286 2082 2336 scilicet
2120 2289 2354 2336 meridiem
2389 2289 2544 2345 versus
2580 2288 2871 2356 declinando,
2935 2328 2938 2340 J

1604 2353 1750 2399 donec
1791 2352 1976 2400 tandem
2013 2354 2071 2400 ad
2111 2356 2307 2402 fluvium
2347 2355 2874 2419 quendam-Hybristen
2938 2367 2949 2422 J

1606 2418 1887 2481 appellatum
1912 2423 2181 2482 perveniret.
2224 2422 2371 2478 Hunc
2394 2423 2590 2469 fluvium
2611 2422 2875 2471 mirum·est
2897 2438 2908 2445 ”
2931 2430 2950 2478 ’“;

1606 2486 2006 2532 Commentatores
2029 2498 2218 2543 veteres,
2253 2500 2394 2550 atque
2421 2503 2499 2534 eos
2528 2485 2875 2541 secutum-Pau·
2940 2507 2948 2540 2,

1604 2554 1750 2606 wium,
1802 2551 1996 2598 eundern
2035 2567 2145 2599 cum
2177 2554 2333 2600 Araxe
2374 2552 2505 2601 fuifle‘
2542 2549 2871 2617 pronunciafle‚
2935 2576 2945 2596 „-

1607 2631 1717 2663 cum
1753 2632 1810 2663 ex
1848 2617 2112 2667 immediate
2146 2618 2438 2681 sequentibus
2474 2616 2873 2681 manifestumrfit‚
2914 2616 2947 2677 ’ἑ

1607 2681 1860 2744 Hybristen
1882 2696 2037 2730 ortum
2060 2683 2303 2731 ducentem
2327 2701 2354 2731 a
2381 2683 2573 2732 Cauca-fi
2601 2685 2740 2733 latere
2770 2684 2872 2751 lep-
2944 2687 2948 2689 ’

1608 2748 1866 2795 tentrionali
1900 2748 2248 2812 septentrionem
2275 2750 2424 2797 versus
2446 2749 2553 2799 ferri
2574 2751 2873 2809 debere3<A·-

1610 2829 1735 2861 raxes
1751 2829 1883 2871 vero,
1907 2815 2034 2878 quod
2056 2815 2273 2862 omnibus
2292 2829 2473 2874 notum,
2493 2833 2651 2864 revera
2670 2819 2718 2865 in
2737 2824 2872 2866 mon·
2936 2835 2937 2838 ¹

1610 2880 1666 2926 tis
1691 2881 1836 2926 Tauri
1859 2893 1988 2943 parte-
2014 2881 2230 2944 quadam,
2266 2894 2311 2928 at
2339 2883 2644 2931 concedamus
2671 2887 2720 2931 in
2747 2885 2874 2937 Cau-
2896 2900 2901 2906 *
2937 2914 2942 2938 ,-

1609 2944 1696 2991 cas1
1717 2958 1861 3008 parte,
1897 2945 1969 2992 sed
1992 2960 2108 2993 certe
2126 2946 2426 3004 meridionali,
2463 2947 2612 3001 fontes
2630 2950 2785 3008 habet,
2819 2965 2874 2998 ac
2907 2942 2958 2990 θ’

1608 3010 1797 3074 proinde
1821 3012 1908 3066 Ioi,
1942 3025 2188 3075 antequam
2221 3013 2473 3061 Caucasum
2506 3014 2879 3078 superaffet2‘oc-ss-

1609 3084 1783 3122 currere
1818 3092 1910 3123 non
1943 3080 2112 3140 potuit.

1610 3405 1707 3452 Hae
1745 3406 2027 3462 Amazones,
2079 3422 2185 3468 quae
2222 3408 2334 3454 olim
2374 3407 2718 3472 Themiscyram
2751 3411 2907 3459 ,circa¹

1609 3469 2008 3520 Thermodontem
2056 3471 2250 3519 fluvium
2295 3471 2489 3521 incolere
2529 3474 2774 3531 debebant,
2823 3475 2874 3523 &
2923 3472 2937 3491 ⁷

1608 3547 1717 3581 tunc
1752 3538 1970 3599 temporis
2005 3536 2219 3584 Thraciae
2248 3549 2426 3601 partem
2463 3541 2583 3587 circa
2617 3539 2872 3604 Salmydes-

1609 3600 1724 3651 fium
1744 3601 1892 3650 finum
1917 3602 2146 3651 incoluiffe
2169 3600 2501 3667 supponuntur,
2524 3621 2626 3654 eam
2649 3621 2890 3670 perquam.

2584 3706 2585 3709 η
2607 3725 2617 3731 „
2669 3672 2878 3744 lubenter

2181 3078 2323 3125 Istum
2359 3081 2556 3133 fluvium
2588 3079 2874 3146 trajicere-lo
2950 3107 2951 3110 ¹

1608 3158 1700 3189 non
1723 3141 1939 3199 debebat,
1960 3142 2031 3190 sed
2053 3142 2299 3191 secundum
2321 3142 2416 3207 ejus
2441 3147 2587 3208 ripam
2608 3147 2874 3210 pertendere
2926 3170 2951 3203 g

1609 3206 1749 3270 usque
1771 3207 1884 3254 dum
1918 3209 1973 3255 ad
2003 3209 2098 3272 ejus
2121 3211 2167 3256 in
2191 3210 2393 3257 Caucaso
2415 3209 2564 3258 fontes
2588 3213 2869 3275 perveniffet.
2931 3210 2942 3226 ”

1608 3273 1680 3320 Ibi
1701 3273 1928 3320 Caucasus
1952 3276 1994 3321 ei
2017 3275 2251 3322 meridiem
2269 3273 2418 3323 versus
2439 3277 2641 3325 tendenti
2662 3277 2874 3342 superari·
2894 3312 2898 3315 >
2952 3295 2953 3298 ¹

1544 3388 1545 3391 Ἴ
1608 3339 1695 3384 dus
1726 3351 1837 3394 erat,
1877 3341 1953 3385 via
1977 3356 2083 3403 quae
2113 3356 2213 3387 eam
2240 3341 2297 3387 ad
2321 3344 2587 3390 Amazonas
2614 3343 2872 3391 deduceret.

2919 389 2951 458 «γῇς
2963 421 2964 428 ,

1599 579 1746 642 potest
1789 579 1865 626 Isis
1909 594 2079 640 errores
2122 595 2180 626 ex
2227 593 2379 627 mente
2421 583 2579 630 Poetae
2622 580 2898 630 describere‘
2925 599 2932 611 ’

1599 643 1732 702 velle,
1766 647 1941 709 quippe
1974 646 2056 708 qui
2093 645 2278 692 auribus
2314 646 2446 710 vulgi
2471 648 2739 711 portentosis
2761 661 2867 695 nar-

2908 704 2915 723 k

2958 3882 2964 3905 ..i
2957 3819 2964 3858 ,μι-
2955 3761 2964 3803 -m
2959 3739 2964 3744 .
2951 3704 2964 3728 ⁴2!
2954 3503 2964 3693 mn—..*‘m⁵st·.
2954 3442 2964 3494 525⁵.
2959 3419 2962 3422 .
