2924 4230
1355 267 1527 355 (1)

372 738 2530 901 LECTORISALUTEM

346 1387 460 1440 vole
480 1389 687 1450 Leitor,
729 1396 842 1440 non'
871 1389 1137 1442 commodi
1174 1397 1381 1441 tantum
1415 1386 1540 1462 mei,
1581 1387 1667 1439 sed
1694 1380 1747 1440 Sc
1775 1388 1910 1461 aequi
1936 1390 2095 1441 etiam
2113 1388 2342 1461 bonique
2362 1391 2491 1442 ratio
2508 1389 2764 1461 postulare

344 1470 565 1532 videtur,
616 1482 676 1523 ut
711 1469 892 1543 opellae
935 1469 1092 1542 liujus
1129 1471 1501 1543 qualiscunque
1537 1469 1864 1543 suscipiendae
1894 1471 2234 1533 occafionem,
2270 1489 2572 1564 ⁴meumque
2607 1474 2662 1524 in
2705 1492 2764 1525 ea

40 1606 53 1624 ,
106 1553 423 1625 Ρειτέιςέιιᾶε
447 1554 680 1626 scopur'n,
708 1555 995 1606 accuratius
1023 1554 1227 1606 edoceri
1253 1573 1358 1605 non
1385 1553 1627 1624 graveris,
1669 1554 1748 1605 Ita
1774 1551 1966 1606 scilicet
1992 1554 2056 1605 de
2082 1554 2343 1626 propofito
2369 1572 2489 1606 meo
2507 1555 2622 1624 jam
2646 1573 2761 1608 cer-

106 1635 208 1688 tior
232 1633 416 1698 factm,
457 1654 629 1710 neque
671 1635 807 1688 ultra
848 1649 936 1690 aut
978 1637 1200 1689 instituti
1236 1637 1342 1688 mei
1380 1637 1653 1696 rationem,
1706 1647 1794 1687 aut
1835 1635 2147 1689 facultatum
2185 1636 2374 1709 quibus
2411 1637 2686 1691 instrudtus
2714 1642 2763 1693 ei

21 1766 23 1768 ,
106 1709 421 1791 perficiendo
447 1737 534 1771 me
561 1720 879 1772 accinxerim
904 1719 1201 1781 modulum,
1233 1718 1649 1792 expefi‘cationem
1677 1730 1823 1771 tuam
1849 1719 2141 1780 intendenS,
2181 1721 2354 1772 minus
2382 1719 2575 1790 justam
2603 1723 2763 1775 etiam

35 1837 39 1845 -
106 1800 341 1873 querelas
355 1802 560 1854 causam
587 1799 823 1864 habebis,
865 1803 901 1855 fi
928 1803 1294 1857 commentarii
1320 1803 1375 1854 in
1402 1797 1705 1874 scriptorem
1731 1792 2007 1874 antiquum
2034 1792 2354 1856 absolutioris
2380 1803 2572 1865 ideam,
2601 1821 2762 1876 quam

103 1883 208 1936 tibi
227 1880 397 1936 forsan
423 1885 599 1938 animo
614 1884 908 1947 effinxeriS,
946 1904 1051 1938 non
1078 1886 1193 1938 satis
1221 1879 1516 1958 expreffisse
1532 1879 1915 1966 deprehendar,
1964 1912 1968 1915 -

62 2034 64 2037 .
92 2030 95 2034 ι
185 1965 323 2018 Scias
349 1967 511 2038 igitur
536 1966 734 2021 annum
751 1969 866 2039 jam
892 1968 1265 2021 duodecimum
1292 1965 1587 2041 procedere,
1609 1986 1674 2020 ex
1693 1986 1798 2049 quo
1814 1970 2049 2041 primum
2067 1966 2217 2022 horas
2243 1968 2437 2040 aliquas
2455 1950 2758 2031 subsecivaS,

70 2088 72 2090 a
101 2049 400 2123 graviorum
425 2049 715 2102 studiorum
739 2051 1197 2123 intercapedinem
1211 2063 1454 2124 captam,
1483 2050 1768 2104 Graecorum
1796 2048 2116 2123 Tragicorum
2141 2050 2353 2105 lecffioni
2381 2051 2756 2124 impenderim.

114 1284 616 1533 PRiusquam'
636 1292 826 1357 harum
877 1305 932 1358 in
971 1292 1205 1377 Tragicos
1245 1304 1446 1358 Graecos
1480 1299 1879 1366 annotationum
1920 1294 2199 1379 lectionem
2235 1304 2550 1377 aggrediare,
2603 1307 2763 1360 bene-

21 2147 25 2150 ’
104 2131 259 2183 Cum
273 2148 395 2184 vero
420 2130 555 2185 mihi
583 2132 666 2186 vel
690 2132 879 2186 leviter
908 2136 994 2187 eos
1028 2134 1362 2207 pertractanti
1397 2132 1538 2193 haud
1573 2151 1737 2205 pauca
1769 2146 2098 2186 occurrerent
2131 2133 2247 2186 loca
2282 2133 2347 2202 ab
2383 2134 2758 2206 Interpretibus

101 2204 352 2292 haetenus
378 2226 566 2289 parum
574 2215 873 2278 intelleEta,
913 2215 1178 2290 faipiffime
1204 2216 1363 2269 etiam
1389 2213 1637 2309 scriptura
1653 2216 1861 2289 vulgata
1886 2200 2291 2282 manifestissime
2317 2216 2438 2269 effet
2464 2212 2764 2289 depravata,·

103 2296 261 2368 quod
254 2310 335 2349 ex
346 2298 612 2351 mediocri
617 2307 778 2371 quarn
796 2297 931 2352 mihi
956 2299 1269 2372 paraveram
1283 2302 1357 2353 rei
1381 2296 1609 2351 metricae
1636 2300 1823 2353 notitia
1847 2287 2049 2352 facilius
2076 2297 2557 2372 deprehendebam3
2587 2317 2756 2372 operae

100 2379 331 2451 pretium
373 2375 487 2435 effe
506 2381 651 2442 duxi,
691 2383 905 2455 priv'atae
937 2394 1144 2436 tantum
1179 2380 1538 2435 oblectationis
1581 2383 1762 2454 gratia,
1804 2401 1975 2454 neque
2011 2380 2296 2434 editionem
2330 2381 2564 2434 futuram
2598 2401 2664 2435 ne
2698 2384 2756 2436 in

6 2477 16 2486 ·
58 2504 59 2508 ,
99 2460 312 2514 somniis
339 2462 556 2539 quidem
581 2464 856 2526 meditanS,
899 2467 1266 2538 explicationes
1294 2477 1449 2538 atque
1485 2464 1871 2518 emendationes
1907 2464 2118 2526 nostra3‚
2158 2478 2314 2536 prout
2348 2484 2376 2517 e
2412 2483 2465 2517 re
2500 2478 2619 2518 nata
2653 2466 2754 2518 sese

39 2563 44 2572 ·
99 2535 407 2606 offerebant,
448 2545 646 2619 scriptis
680 2547 945 2600 mandare.
1020 2549 1198 2610 Porr0‚
1241 2567 1365 2601 cum
1401 2546 1655 2600 illecebris
1684 2546 1823 2600 hisce
1865 2549 2030 2620 magis
2075 2548 2340 2619 magisque
2373 2548 2600 2601 irretitus
2637 2566 2752 2600 cer-

95 2629 212 2679 tam
248 2627 478 2707 aliquam
513 2630 686 2682 Poetae
723 2631 1118 2703 uniuscujusque
1161 2631 1447 2684 editionem
1490 2631 1692 2702 semper
1734 2629 2082 2690 adhibuerim,
2141 2631 2381 2684 editionis
2434 2630 2575 2683 istius
2611 2630 2752 2703 quafi

0 2706 32 2771 ῥ’
99 2703 523 2786 supplementum
559 2713 824 2784 quoddam
860 2714 1062 2766 notulas
1090 2714 1281 2776 nostras
1317 2726 1571 2797 reputare,
1612 2713 1773 2784 iisque
1809 2713 1935 2766 adeo
1977 2699 2279 2765 criticorum
2315 2731 2752 2785 quorumcunque

99 2791 494 2854 observatione8‚
534 2806 691 2867 prout
724 2795 860 2846 ultro
886 2794 1020 2849 mihi
1055 2796 1195 2849 aliud
1222 2799 1394 2868 agenti
1428 2796 1529 2848 sese
1556 2795 1861 2856 offerebant,
1902 2795 2214 2856 interserere,
2255 2796 2508 2868 paulatim
2544 2796 2749 2859 affuevi,

101 2875 174 2926 ita
207 2887 383 2927 tamen
419 2888 476 2928 ut
511 2878 730 2949 propriis
757 2878 1051 2931 auctoribus
1079 2880 1256 2932 omnia
1283 2877 1504 2932 fideliter
1528 2880 1580 2931 &
1608 2879 1922 2930 nominatim
1951 2877 2337 2930 ascriberentur.
2380 2880 2540 2930 ‘Cum
2566 2864 2749 2931 Poetas

7 3001 13 3007 .
101 2960 202 3008 tres
229 2958 441 3010 tandem
467 2960 879 3031 pervolutaffem‚
921 2980 1040 3013 ecce
1069 2963 1423 3026 annotationes
1459 2961 1639 3013 nostrae
1667 2963 1722 3014 in
1748 2961 1946 3012 molem
1973 2961 2087 3013 satis
2114 2960 2343 3032 amplam
2363 2962 2477 3032 jam
2504 2980 2749 3014 excreve-

100 3051 232 3091 rant.
258 3092 261 3093 γ
293 3041 522 3093 Minime
548 3044 708 3114 igitur
733 3044 948 3104 mirum,
976 3044 1030 3104 fi,
1059 3057 1213 3116 prout
1239 3043 1541 3096 hominibus
1568 3057 1752 3096 natura
1776 3044 1987 3095 infitum
2013 3043 2084 3094 est
2105 3055 2160 3095 ut
2186 3045 2376 3114 cuique
2402 3043 2488 3095 sua
2514 3044 2747 3114 quadan-

101 3133 271 3182 tenuS,
311 3123 576 3176 interdum
619 3127 777 3177 etiam
819 3125 937 3197 plus
964 3126 1122 3197 just0,
1162 3126 1400 3199 placeant
1436 3145 1494 3178 ac
1537 3126 1885 3186 blandiantur,
1927 3125 2060 3178 mihi
2087 3127 2244 3177 etiam
2270 3144 2387 3177 mea
2412 3129 2580 3198 operis
2607 3125 2747 3178 haud

99 3204 301 3274 prorsus
345 3207 716 3260 contemnendi
759 3207 983 3279 speciem
1026 3228 1129 3280 prae
1173 3209 1221 3260 se
1247 3208 1381 3261 ferre
1424 3200 1736 3268 viderentur,
1782 3221 1937 3280 atque
1981 3207 2260 3260 utilitatem
2296 3208 2474 3260 saltem
2519 3209 2748 3280 aliquam

102 3285 380 3338 Poetarum
405 3286 598 3345 horum
625 3308 926 3362 quenquam
952 3291 1292 3363 imposterum
1318 3291 1519 3344 edituro
1547 3309 1611 3342 ex
1638 3292 1698 3343 iis
1728 3291 1966 3344 accedere
1993 3289 2130 3363 poffe
2149 3291 2457 3361 judicarem.
2516 3292 2635 3343 Hac
2663 3291 2748 3362 spe

0 3366 19 3432 ’μ
101 3370 338 3421 maxime
358 3372 610 3423 excitatus
635 3370 869 3424 laborem
895 3375 950 3425 in
988 3393 1073 3426 me
1109 3373 1357 3446 suscipere
1394 3392 1497 3425 non
1526 3371 1876 3425 detred'tabam
1901 3391 2030 3446 opus
2057 3374 2228 3424 denuo
2255 3375 2539 3426 accuratius
2567 3391 2748 3425 recen-

14 3450 16 3453 ’
102 3450 262 3512 sendi,
304 3456 497 3506 errores
525 3474 654 3526 quos
682 3474 746 3506 ex
773 3454 1122 3508 familiaritate
1159 3452 1283 3508 cum
1312 3455 1393 3508 his
1422 3455 1751 3528 scriptoribus
1788 3458 2014 3526 penitius
2042 3457 2303 3507 contrasta
2338 3456 2502 3508 indies
2535 3456 2746 3526 detege-

103 3539 215 3585 rem
240 3537 549 3608 corrigendi,
591 3540 643 3589 &
670 3555 729 3589 ea
755 3538 981 3609 denique
1009 3539 1393 3591 intermiscendi
1430 3557 1544 3616 quae
1581 3551 1668 3590 aut
1704 3539 1955 3589 memoria
1992 3549 2080 3589 aut
2116 3538 2453 3601 tumultuaria
2493 3538 2647 3590 lefflo
2686 3537 2748 3589 ad

97 3611 215 3668 ‘rem
240 3617 466 3670 nostram
493 3619 771 3692 spectantia
797 3621 1162 3693 suppeditaret.
1204 3621 1350 3673 Nam
1371 3620 1671 3672 Adversaria
1698 3621 1912 3691 quidem
1939 3621 2271 3692 congerendi,
2301 3635 2387 3675 aut
2410 3620 2612 3674 Indices
2632 3638 2748 3672 ver-

16 3762 23 3767 ,
99 3697 290 3753 borum
314 3700 642 3764 conficiendi,
685 3708 957 3777 nunquam
982 3701 1122 3758 mihi
1142 3702 1392 3759 haitenus
1421 3715 1519 3756 aut
1535 3696 1703 3757 otium
1729 3701 1897 3755 adfuit
1923 3715 2011 3755 aut
2036 3702 2216 3755 libido.

318 3791 328 3807 ‘
1754 3784 1787 3835 b
1827 3800 1857 3837 2
2616 3784 2752 3838 Cum
