3028 4212
214 279 298 351 82

1100 283 2037 347 AESCHYLI

275 413 349 461 sed
368 411 554 463 fallitur.
619 413 878 476 Nunquam
911 410 1034 458 enim
1068 410 1250 460 licentia
1283 411 1384 458 talis
1411 411 1535 474 apud
1600 413 1659 460 V.
1687 427 1826 474 1017.
1856 415 1997 459 1018.
2034 423 2103 458 Koa
2126 433 2169 459 τυ
2192 424 2258 467 μιν
2279 431 2354 466 ωε,
2377 433 2575 478 gum-mv

274 480 459 527 Veteres
481 479 694 527 obtinuit.
728 480 807 534 Et,
838 489 891 524 ut
911 491 1074 524 verum
1096 476 1264 532 dicam,
1289 492 1448 523 omnes
1469 476 1535 524 illi

273 544 477 592 catalecti
498 546 548 592 ὅτ
570 542 915 608 ὴγρετεαῑειὶεᾶὶ
935 543 982 590 in
1004 541 1291 604 dissyllabum
1319 541 1432 590 nihil
1454 541 1536 588 nisi

274 625 455 657 merum
489 610 911 658 Grammaticorum
944 617 1263 665 commentum
1301 605 1402 654 fiint
1436 621 1536 654 car-

272 677 451 722 minum
490 686 654 738 genera
692 689 784 721 non
817 673 938 722 recte.
960 671 1357 736 distinguentium,
1389 687 1539 736 neque

182 741 185 746 ’
274 739 448 803 uspiam
485 742 533 786 in
571 739 798 786 veteribus
841 739 994 786 Poetis
1033 737 1204 784 exstare
1243 739 1535 799 reperientur.

272 804 402 852 Cum
427 806 549 852 enim
579 805 625 851 in
656 803 935 851 carminibus
960 814 1141 851 tantum
1171 818 1278 866 quae
1300 819 1325 850 e
1343 802 1538 866 pedibus

271 868 509 932 trisyllabis
541 868 747 916 constant
768 885 825 916 ex
847 865 938 932 ipsa
967 869 1031 915 rei
1054 879 1216 915 natura
1237 872 1434 928 χμαληξις
1457 867 1538 914 ista

269 933 428 982 locum
462 934 624 982 habere
656 936 818 997 poffit;
864 933 921 980 de
946 932 1154 996 daetylis,
1198 935 1390 990 creticiS,
1430 932 1537 979 bac-

270 999 381 1045 chiis
416 1000 466 1047 Sc
502 998 845 1063 palimbacch-iis
882 1013 953 1046 res
988 999 1037 1046 in
1063 1010 1224 1062 aperto
1261 998 1337 1046 est.
1407 999 1537 1046 Nam

268 1064 475 1127 dactylus
501 1064 746 1112 catalectus
782 1064 829 1113 in
862 1064 1154 1128 dissyllabum
1187 1063 1251 1111 est
1277 1062 1537 1127 spondaeus,

268 1142 458 1192 propter
495 1153 539 1180 το
577 1139 763 1193 «Δὶαφοςογ
790 1130 971 1179 ultimae
998 1129 1200 1193 syllabae,
1251 1129 1448 1193 ideoque
1487 1130 1538 1176 δε

267 1195 473 1256 primum
505 1195 673 1243 Iliados
695 1195 891 1252 versum,
927 1197 1037 1258 quia
1065 1196 1112 1242 in
1133 1195 1340 1245 trochaeo
1361 1195 1536 1252 definit,

224 1275 227 1280 ¹
267 1262 314 1306 in
331 1261 596 1324 exemplum
617 1260 825 1323 dactylici
848 1261 1054 1308 catalect}
1077 1262 1123 1308 in
1146 1259 1438 1323 dissyllabum*
1454 1260 1534 1307 ad·

268 1322 358 1371 fert
380 1326 647 1388 Hephaestion.
712 1327 917 1373 Creticus
940 1339 1114 1382 autem,
1148 1325 1362 1372 bacchius
1385 1327 1435 1373 ὅτ
1454 1341 1536 1389 pa-

268 1390 567 1438 limbacchius
607 1392 654 1438 in
691 1391 981 1455 dissyllabum
1010 1392 1256 1438 catalectus
1287 1406 1441 1438 revera
1472 1390 1537 1437 est

266 1456 339 1501 vel
367 1456 593 1503 trochaeus
624 1457 698 1504 vel
730 1460 904 1521 paeonis
936 1457 1213 1512 dimidium3
1248 1458 1294 1504 in
1317 1457 1535 1505 omnibus

267 1533 421 1568 autem
458 1522 735 1570 carminibus
781 1538 889 1586 quae
940 1521 1135 1586 pedibus
1181 1522 1272 1570 istis
1310 1522 1534 1579 constant,

264 1602 452 1648 paeones
481 1589 618 1636 etiam
646 1588 695 1636 &
715 1588 916 1651 dipodiae
937 1587 1181 1636 trochaicae
1211 1587 1533 1644 admittuntur,

265 1653 315 1698 &
337 1668 498 1699 eorum
537 1654 692 1701 locum
722 1666 874 1701 tenere
907 1655 1103 1716 pos-sunt.
1173 1652 1330 1700 Restat
1352 1666 1534 1700 tantum

265 1718 533 1782 anapaestuS,
567 1733 708 1782 quem
730 1719 834 1766 ideo
862 1722 1000 1766 etiam
1034 1721 1082 1766 in
1103 1719 1394 1782 diffyllabum
1417 1742 1535 1776 ωα-

265 1795 418 1842 amem
454 1799 546 1830 non
569 1785 689 1848 poss'e
723 1798 855 1848 puto,
888 1787 997 1848 quia
1030 1786 1078 1831 in
1115 1784 1393 1848 anapaesticis
1427 1800 1534 1837 ana·

178 1868 183 1875 -
263 1848 407 1910 paesto
429 1849 637 1912 dactylus
661 1851 741 1898 ri-te
763 1853 1027 1913 opponitur.
1085 1850 1256 1898 Primae
1286 1866 1397 1897 vero
1427 1849 1534 1896 dua-3

263 1913 428 1976 dactyli
468 1914 652 1977 syllabae
689 1917 848 1978 primis
881 1915 1062 1962 duabus
1102 1915 1317 1979 anapaesti
1352 1915 1533 1978 syllabis

262 1981 1094 2110 Zee‘lfifissnialssssafiiffikoe‘luiias&
1111 1997 1399 2111 ’ἰξὲἕᾜῖἑὶ
1414 1981 1532 2094 ᾗέἓέ

261 2109 446 2157 chaeum
481 2111 530 2159 &
570 2111 781 2160 iambum
818 2111 916 2160 five.
957 2109 1289 2178 pyrrhichium,
1345 2114 1534 2160 interce-

262 2176 368 2222 dere
400 2178 631 2239 reperitur.
690 2177 811 2226 Vide
830 2178 1002 2240 Dawefi
1029 2177 1280 2225 Miscellan.
1305 2178 1459 2226 CritiC.
1483 2195 1531 2242 p.

266 2240 326 2287 62
352 2268 415 2276 —-
438 2242 513 2289 66.
550 2242 616 2290 Et
634 2242 773 2308 reipsa
793 2243 1164 2291 catalecticorum
1188 2243 1355 2291 horum
1379 2243 1426 2291 in
1445 2243 1531 2292 dis-

262 2304 486 2368 syllabum
511 2309 887 2374 anapaesticorum
923 2308 1285 2356 nullum‘adhuc
1319 2310 1434 2359 mihi
1466 2311 1534 2356 vi-

265 2371 370 2418 dere
403 2374 611 2436 contigit,
646 2375 727 2438 qui
763 2389 872 2431 non,
908 2386 988 2421 aut
1016 2387 1259 2437 corruptus
1295 2375 1418 2432 effet,
1452 2387 1543 2441 aut

263 2437 367 2483 talis
384 2449 438 2484 ut
458 2437 545 2484 alia
566 2451 735 2486 ratione
757 2440 1048 2486 commodius
1067 2456 1175 2487 eum
1196 2441 1345 2488 metiri
1366 2441 1531 2488 liceret.

264 2502 354 2548 Sed
377 2501 435 2549 de
457 2503 526 2550 his
548 2503 778 2552 hactenus
836 2505 1049 2568 Strophae
1082 2519 1236 2553 autem
1265 2507 1404 2569 primi
1436 2523 1535 2554 ver-

263 2566 339 2614 sus
376 2568 471 2615 duo
506 2571 568 2616 ita
601 2573 717 2617 verti
752 2570 952 2626 debent;
985 2574 1178 2618 terminus
1198 2574 1304 2619 enim
1322 2572 1534 2621 multae&

263 2633 470 2681 diuturnae
479 2635 679 2696 sanitatis
699 2645 794 2683 ante
813 2636 1064 2698 satietatem,
1099 2636 1145 2683 id
1168 2637 1248 2693 est,
1282 2649 1531 2701 antequam

263 2699 472 2745 homines
507 2716 558 2746 ea
590 2699 730 2749 satiati
764 2701 865 2757 sint,
891 2702 1125 2766 plerumque
1153 2704 1404 2750 intervenire
1413 2703 1530 2764 fhlet.

264 2785 420 2826 amgswr
439 2763 511 2811 hic
535 2766 909 2829 significationem
933 2767 1127 2814 activam
1150 2767 1311 2831 Raullo
1339 2767 1532 2816 insolen-

264 2832 371 2885 tiu8‚
418 2845 510 2876 non
546 2843 698 2879 tamen
737 2832 1031 2896 ineleganter,
1081 2833 1273 2890 obtinet,
1306 2849 1393 2897 pro
1424 2841 1439 2882 ὅ
1473 2859 1532 2883 ουκ

263 2917 394 2959 υῳρεσε
439 2895 653 2958 politum.
726 2895 942 2959 Ejusdem
982 2900 1110 2944 vocis
1148 2899 1310 2946 eodem
1351 2898 1531 2961 prorsus

263 2960 387 3007 sensu
410 2960 636 3024 usurpatae
657 2962 922 3026 exemplum
952 2962 1087 3026 plane
1111 2964 1364 3028 gemellum
1387 2964 1525 3013 habe·

261 3027 368 3078 mus
391 3022 510 3072 infra
523 3042 575 3072 -ν,
600 3042 738 3089 1340.

396 3103 446 3139 To
475 3114 538 3152 μεν
559 3114 594 3138 ευ
617 3097 778 3151 avgg-Hm
800 3115 954 3156 ακοςεςον
977 3113 1040 3151 εφυ

393 3171 488 3205 nam
511 3166 643 3221 βροπκ

265 3222 423 3284 Atque
454 3223 517 3268 ita
554 3222 735 3270 tandem
772 3235 1000 3286 repertum
1037 3222 1117 3280 est,
1165 3226 1211 3272 ni
1234 3223 1383 3281 fallor,
1415 3227 1526 3275 effa-

263 3298 364 3332 tum
402 3286 516 3334 illud
548 3310 670 3347 >enm
694 3288 902 3335 'ethicum
944 3289 992 3335 ὅτ
1029 3288 1180 3346 breve,
1238 3291 1366 3353 quod
1400 3296 1524 3341 exci-

262 3367 368 3414 pere
389 3352 613 3399 debebant
637 3378 687 3402 π
711 3363 839 3409 ama,
873 3354 1092 3417 quodque
1123 3355 1198 3402 hic
1219 3356 1427 3405 Pauwius
1447 3359 1526 3407 de·-

264 3417 499 3477 fiderabat.
561 3418 656 3465 Sub
680 3419 946 3482 metaphora
967 3420 1088 3466 enim
1110 3419 1305 3468 sanitatis
1326 3423 1377 3470 &
1400 3438 1526 3471 mor-

263 3482 312 3529 bi
346 3483 660 3546 intelliguntur
689 3483 877 3548 felicitas
907 3486 956 3531 ὅτ
985 3483 1221 3533 infelicitas
1251 3487 1453 3537 humana
1478 3490 1525 3537 in

262 3562 439 3611 genere.
508 3548 624 3598 Vide
646 3564 753 3612 quae
776 3550 1037 3598 notavimus
1062 3549 1195 3613 supra
1218 3553 1275 3601 ad
1297 3569 1342 3601 v.
1366 3556 1475 3615 844.

2029 489 2182 528 Κηοτων
2213 499 2305 527 oms
2338 476 2492 541 ssmv]
2518 487 2521 492 “
2546 478 2671 527 Haec
2709 472 2802 525 non
2835 466 2956 526 sana'

1667 541 1751 588 effe
1786 541 1833 588 in
1871 538 2070 590 confeffo
2106 542 2184 590 est.
2256 541 2467 591 Pauwius
2499 544 2563 592 ita
2599 544 2824 594 restituere
2862 558 2943 591 co·

1668 619 1820 664 natur,

2028 685 2101 721 Και
2116 696 2160 722 το
2178 692 2244 734 μεν
2259 692 2453 738 arey-gum
2474 694 2548 724 ‘tor

1878 761 1892 781 s
2014 743 2178 790 ’Κπισιων
2199 761 2291 790 ome
2312 747 2437 794 βαλων
2673 795 2675 800 ,
2711 741 2719 749 Χ

1670 801 1806 865 Atque
1825 816 1892 850 eas
1912 802 2068 867 quidem
2088 821 2138 853 ex
2155 803 2442 868 poffifflonibus
2450 803 2678 868 facultates
2698 805 2941 870 quaejablu-

1669 869 1729 914 ris
1749 870 1925 916 maxime
1954 868 2134 918 obnoxia
2151 871 2254 932 fient
2283 871 2435 919 inertid
2454 871 2677 934 abjiciente.
2727 869 2829 918 >Sed
2848 870 2957 934 pri--

1671 947 1752 979 mo
1781 954 1974 998 magma
2012 934 2389 1000 fignifieationem
2422 952 2532 1000 quae
2560 936 2636 984 hic
2660 937 2703 984 ei
2725 935 2942 992 titi-buitur

1669 997 1941 1062 neutiquam
1962 999 2167 1049 obtinere
2181 1000 2342 1068 potest.
2379 1003 2641 1066 Nunquam
2664 1003 2787 1050 enim
2808 1019 2944 1066 χμμι

1669 1078 1862 1111 numero
1900 1062 2131 1129 singulari,
2185 1066 2260 1114 sed
2299 1086 2483 1132 χρηματα
2520 1083 2716 1116 nurnero
2754 1066 2941 1131 plurali,

1666 1128 1788 1186 bom,
1800 1129 2046 1192 facultates,
2063 1133 2114 1180 &
2135 1132 2184 1180 id
2205 1148 2352 1196 genus
2371 1133 2553 1191 similia,
2572 1134 2815 1197 significat.
2849 1133 2943 1180 De·
2995 1191 3000 1194 ²

1669 1194 1775 1241 inde
1796 1196 1845 1242 δε
1870 1196 1991 1244 male
2023 1199 2161 1245 etiam
2194 1214 2305 1245 cum
2340 1200 2554 1247 sententia
2581 1200 2737 1246 abtum
2766 1197 2832 1246 est
2852 1196 2944 1246 >hac

1669 1260 2048 1324 interpretatione.
2118 1264 2425 1311 Continuatur
2455 1265 2581 1312 enim
2613 1259 2886 1328 metaphora
2915 1277 2944 1310 a

1668 1340 1784 1372 nave
1806 1325 2045 1390 desumpta
2074 1343 2184 1391 quae
2213 1330 2260 1376 in
2290 1327 2530 1391 scopulum
2552 1331 2767 1394 impegit,
2802 1341 2943 1394 atque

1667 1390 1781 1438 adeo
1798 1407 1968 1456 aquam
1992 1393 2145 1441 trahit.
2183 1394 2296 1442 Hoc
2319 1394 2611 1442 manifestum
2630 1394 2694 1443 est
2710 1393 2943 1459 erseqflen-

1667 1456 1808 1515 tibuS,
1840 1459 1928 1506 008'
1947 1479 2099 1508 immae
2122 1478 2268 1517 σκάφος.
2332 1458 2732 1508 Prdentiffimum
2770 1459 2821 1508 in
2850 1459 2954 1509 hOC‘

1666 1520 1871 1585 periculo
1900 1523 2156 1572 remedium
2185 1525 2250 1572 est
2270 1540 2438 1573 navem
2460 1541 2596 1574 onere
2617 1525 2783 1582 levare,
2818 1540 2941 1573 mer·
2957 1539 2977 1559 ·

1666 1603 1741 1635 ces
1790 1592 1837 1637 in
1876 1604 2002 1636 mare
2043 1588 2277 1652 ejiciendo.
2354 1591 2463 1639 Tali
2501 1593 2607 1639 navi
2645 1603 2952 1656 comparatur·

1666 1652 1812 1700 homo
1828 1657 1912 1718 qui
1935 1655 2067 1719 gravi
2091 1656 2245 1720 aliqua
2259 1655 2516 1704 calamitate
2536 1657 2768 1722 oppressus
2790 1654 2940 1705 fortu-

1667 1735 1747 1766 nas
1786 1721 2043 1767 maximam
2068 1734 2246 1784 partem
2270 1719 2462 1784 abjicere
2491 1722 2541 1770 ὅτ
2562 1722 2750 1787 perdere
2769 1722 2942 1770 neceffe

1666 1783 1892 1834 habuerit.
1956 1786 2045 1834 Sed
2065 1802 2164 1850 quo
2184 1786 2306 1835 sensu
2329 1787 2418 1836 hoe
2439 1790 2539 1848 ου’ῳ,
2566 1789 2859 1852 igmvt’aemt
2872 1789 2940 1835 in·-

1666 1854 1798 1907 ertiae,
1833 1849 1973 1899 tribui
2004 1852 2187 1916 potest?
2240 1853 2359 1900 Non
2387 1865 2510 1901 certe
2529 1855 2696 1918 ignave
2723 1851 2800 1903 fed
2828 1851 2939 1902 stre-

1666 1932 1755 1964 nue
1786 1915 1827 1963 se
1858 1931 2024 1980 gerunt
2050 1931 2221 1975 nautae,
2257 1918 2460 1983 quand0‚
2495 1930 2551 1966 ut
2575 1934 2742 1967 nam
2765 1917 2940 1966 oeder-

1665 1991 1791 2039 vent‚
1827 1997 1998 2030 merces
2020 1986 2068 2032 in
2091 1999 2214 2031 mare
2235 1981 2497 2047 projiciunt.
2551 1984 2666 2046 Jam
2697 1983 2959 2032 videamus.

1665 2063 1817 2096 annon
1839 2048 2006 2096 melius
2028 2048 2161 2097 nobis
2182 2050 2351 2097 ceffura
2372 2049 2429 2097 sit
2455 2046 2591 2112 hujus
2612 2049 2710 2099 loci.
2724 2049 2939 2098 enxeuda-

1664 2115 1744 2162 tio.
1798 2114 1868 2161 Ita
1890 2113 2227 2163 rescribendum
2250 2115 2476 2174 existimo,

1797 2192 1868 2226 Ka«
1890 2202 1934 2228 το
1956 2201 2021 2242 μεν
2043 2199 2316 2246 ωοχςκμιιτω
2334 2189 2349 2205 ’

1797 2258 1949 2297 Κτηστων
1971 2252 2083 2307 affine
2100 2256 2224 2300 βαλων
2881 2302 2887 2307 ,

1663 2311 1802 2374 Atque
1809 2310 2067 2372 facultatum
2082 2313 2239 2376 quidem
2250 2312 2424 2375 sicarum
2444 2329 2534 2378 quae
2553 2310 2617 2359 ad
2630 2311 2940 2374 mampraesto
3006 2317 3010 2323 '

1652 2376 1756 2439 sunt
1778 2379 1950 2424 maxime
1969 2393 2066 2425 onus
2091 2379 2315 2444 abjiciente.
2380 2379 2452 2426 Ita
2478 2379 2773 2426 continuatur
2793 2389 2939 2439 meta-

1662 2441 1826 2504 phora,
1845 2442 1894 2489 &
1910 2445 2068 2490 omnia
2079 2441 2181 2506 jam
2201 2444 2339 2507 plana
2357 2442 2456 2491 sunt
2473 2445 2524 2492 δε
2542 2457 2712 2506 aperta.
2744 2449 2937 2502 zonam

1662 2509 1736 2557 aw'
1751 2526 1915 2565 ευμεπου
1939 2508 1986 2556 in
2007 2510 2137 2556 versu
2155 2509 2366 2572 sequente
2386 2509 2485 2568 est,‘.
2501 2509 2652 2558 Funda
2669 2525 2765 2573 que

1655 2572 1821 2636 servat,
1856 2574 1912 2623 &³
1934 2590 2013 2622 non
2032 2579 2182 2623 temere'
2208 2575 2263 2626 ἐξ
2297 2577 2428 2639 inepte
2449 2575 2666 2639 plusquam
2679 2576 2807 2638 mgis
2819 2578 2938 2639 peri-
2955 2601 2966 2610 =

1663 2639 1795 2686 culum
1815 2639 1970 2703 afficit.
2024 2641 2089 2689 Et
2119 2642 2207 2688 hoc
2242 2639 2536 2703 subjunctum
2568 2664 2614 2691 το
2642 2663 2734 2693 ουκ
2760 2654 2960 2703 Ρηεει

1665 2704 1774 2752 dens
1797 2706 2148 2769 quodammodo
2183 2708 2410 2770 reprobat.
2463 2706 2609 2771 Qod
2631 2706 2666 2754 fi
2687 2707 2766 2754 eui
2786 2710 2937 2771 magis
3014 2717 3021 2722 “

1665 2770 1856 2818 arrideat
1877 2772 2047 2820 Stanleia'
2078 2771 2292 2820 sententia
2314 2772 2545 2820 statuentis
2565 2772 2934 2836 Praepofitionem

1662 2855 1732 2890 aspa
1767 2837 1825 2883 ad
1842 2839 2148 2901 'participium
2183 2847 2308 2892 βαλων
2335 2840 2573 2901 pertinere,
2607 2839 2658 2886 δε
2691 2837 2833 2886 abeo
2848 2854 2936 2902 per

1663 2902 1826 2949 tmefin
1861 2901 2069 2965 separari,
2105 2904 2142 2949 is
2172 2919 2359 2957 mecum
2391 2915 2513 2952 certe·
2541 2903 2720 2952 nullam
2748 2903 2937 2954 habebit

1661 2968 2028 3015 controversiam.

1598 3033 1733 3095 1036.
1772 3048 1876 3095 Eagys
1897 3058 1946 3094 m
1965 3050 2061 3084 πλεον
2084 3036 2215 3097 φερειν]
2240 3034 2372 3082 Nihil
2397 3034 2471 3082 hic
2488 3034 2853 3083 immutandum.
2868 3050 2932 3096 ’μιν

1662 3098 1891 3161 eleganter
1911 3099 2011 3162 post
2035 3122 2126 3162 agye
2157 3100 2389 3163 sequitur;
2421 3115 2680 3164 pronomen
2711 3095 2865 3149 autfini
2884 3121 2932 3162 με

1660 3162 1794 3212 facile
1815 3163 2092 3213 subauditur.

1601 3233 1742 3291 1038.
1778 3244 1806 3278 Γ
1806 3249 1936 3278 amam
1955 3253 1998 3280 αν
2019 3232 2103 3280 ταδ’
2120 3229 2252 3293 egeae]
2285 3231 2381 3278 Ta&
2404 3245 2597 3278 numero
2614 3228 2781 3293 plurali
2815 3229 2932 3294 legi-
2995 3243 2997 3245 ’

1660 3296 1773 3342 time
1794 3295 1851 3341 ad
1873 3313 1986 3351 mor,
2021 3296 2149 3359 quod
2175 3297 2224 3350 vi
2255 3294 2333 3343 sua
2353 3296 2529 3360 plurale
2551 3294 2633 3351 est,
2667 3294 2824 3345 referri
2842 3297 2931 3360 po'-

1659 3360 1742 3408 test
1760 3383 1776 3417 3
1809 3361 1936 3408 nulla
1959 3363 2100 3426 igitur
2122 3362 2379 3410 mutatione
2402 3377 2518 3425 opus
2541 3359 2618 3408 est.

1936 3467 2066 3517 Notae
2096 3471 2141 3515 in
2181 3456 2571 3515 SCHOLIA.

1591 3554 1672 3604 Ad
1689 3571 1733 3607 v,
1758 3569 1898 3620 1033.
1935 3556 2072 3632 Forte
2095 3554 2359 3620 legendum,
2394 3559 2461 3608 ὦςε
2482 3578 2534 3616 pn
2553 3576 2603 3606 m
2626 3560 2887 3623 tumescerem

2615 3658 2933 3770 ἎΙΝ

2778 2508 3026 2558 audum‘
