3068 4224
213 301 296 362 92

274 413 432 461 locum
466 426 619 471 verte;
654 414 772 479 Qid
802 416 862 462 rei
889 412 980 461 est?
1016 413 1066 474 fi
1094 429 1156 460 me
1176 414 1282 478 loqui
1301 413 1538 478 nonjuffam

262 478 342 541 fas
361 479 425 540 cst.
476 481 589 528 Non
618 483 739 529 enim
771 479 996 534 Chorum,
1029 476 1101 525 sed
1124 479 1317 527 aedituos
1332 478 1539 544 ,aliosque

276 545 438 608 templi
461 545 685 593 ministros
709 545 930 592 allocutus
953 556 1047 590 erat
1071 545 1295 592 Nuncius.

209 609 269 656 V.
298 625 416 672 1301
441 636 504 646 —-
533 611 673 673 1306.
715 610 863 668 Male,
902 622 954 656 ut
986 611 1166 672 opinor,
1213 610 1312 658 haec
1341 608 1536 674 personis

273 675 502 739 dispertita
517 675 747 739 leguntur.
795 676 978 722 Primus
1000 677 1121 722 enim
1139 675 1311 722 horum
1324 675 1536 723 versuum

272 756 406 803 aeque
437 756 488 786 ac
511 740 768 804 praecedens
792 740 860 786 ad>
877 740 1087 787 Chorum
1107 741 1319 803 pertinet,
1355 756 1462 804 quae
1485 753 1538 787 ut

272 806 377 869 plus
391 807 606 869 temporis
621 805 769 853 Oresti
793 805 849 851 ad
870 805 1155 853 evadendum
1181 805 1380 869 superfit,
1400 807 1535 854 Nun-

273 873 396 918 cium
421 883 610 918 conatur
632 887 658 917 a
687 871 879 933 templo,
923 871 1005 918 ubi
1034 883 1145 917 tunc
1183 886 1338 918 revera
1372 872 1537 936 agebat

273 936 451 992 Thoas,
475 936 532 982 ad
555 938 728 999 regiam
751 938 1006 982 amandare.
1029 937 1267 1001 *Qinque
1297 948 1451 983 autem
1470 935 1534 984 se-

265 1014 460 1063 quentes
496 1001 644 1047 versus
679 1017 839 1048 omnes
872 1002 1046 1048 Nuncii
1074 1002 1277 1065 personae
1316 1001 1418 1049 sunt
1453 1003 1533 1048 tri-

270 1062 656 1129 buendi,quorum
669 1067 849 1114 duobus
861 1067 1088 1130 prioribus
1112 1067 1320 1126 Chorum
1338 1067 1535 1130 alloqui-

268 1144 357 1187 tur,
393 1132 573 1194 reliquis
594 1133 739 1179 tribus
762 1132 923 1195 templi
946 1133 1137 1180 aedituos
1162 1132 1391 1180 inclamat.
1430 1156 1433 1158 >

209 1212 350 1260 1309·
390 1197 598 1252 Mettum
623 1196 860 1245 manifesto
888 1200 936 1244 in
970 1198 1137 1246 mendo
1158 1198 1312 1246 cubat.
1371 1199 1533 1246 Barne-

252 1263 345 1322 stus
367 1261 540 1310 secutus
563 1263 810 1327 Scalzgemcm
844 1267 1022 1326 reponit
1047 1268 1163 1323 zlava»
1196 1284 1316 1325 meyer
1347 1266 1446 1320 adest,
1480 1277 1534 1311 ut

267 1328 550 1391 anapaestum
595 1331 642 1376 in
679 1328 869 1376 secunda
902 1327 1000 1376 sede
1036 1330 1265 1393 praecedat
1307 1329 1530 1392 daftylus,

266 1394 449 1457 qualem
465 1394 692 1442 licentiam
708 1394 928 1458 nusquam
944 1395 1068 1458 apud
1084 1397 1309 1460 Tragicos
1325 1400 1530 1460 reperies,

267 1461 379 1522 quin
402 1460 451 1506 &
474 1460 691 1507 Comicos
712 1463 851 1507 etiam
873 1459 1076 1523 religiose
1100 1461 1158 1508 ab
1187 1477 1240 1508 ea
1257 1462 1528 1523 abstinuisse,

265 1524 446 1587 ejusque
470 1527 530 1571 rei
553 1526 789 1582 rationem,
809 1525 1002 1573 ostendit
1017 1527 1293 1574 doffiffimus
1317 1529 1533 1587 Dawcfius

270 1590 462 1638 Miscell.
490 1591 647 1638 Critic.
672 1608 779 1655 pag.
815 1606 926 1654 253.
956 1606 1066 1654 254.
1101 1593 1173 1641 Ita
1194 1594 1349 1658 potius
1372 1593 1530 1641 locum

265 1656 587 1703 restituendum
611 1657 819 1714 arbitror,

395 1733 540 1770 “irenam
560 1741 721 1781 >te->zoom
744 1733 790 1771 esu
809 1721 852 1784 μ’
873 1743 1067 1774 amamur
1088 1734 1207 1784 Δδμων

265 1787 400 1834 Certe
437 1787 469 1834 fi
499 1787 733 1834 literarum
768 1790 916 1852 apices
952 1790 1227 1837 considerare
1258 1791 1390 1851 vens,
1437 1807 1529 1839 non

261 1866 445 1899 tantum
474 1855 591 1900 inter
613 1852 653 1900 se
676 1853 926 1915 discrepant
953 1874 1114 1915 myovm
1149 1866 1196 1904 ὢν
1226 1858 1276 1904 &
1295 1876 1399 1917 ›te-yar
1430 1859 1529 1913 aiat,

263 1919 376 1982 quin
410 1917 533 1965 facili
563 1920 766 1982 negotio,
791 1919 1035 1967 'festinante
1071 1921 1225 1978 oculo,
1274 1939 1420 1970 unum
1443 1938 1529 1986 pro

264 1984 404 2031 altero
428 1984 467 2030 se
489 1987 690 2048 ingerere
712 1987 923 2048 potuerit.
982 1986 1146 2034 Postea
1175 1987 1383 2035 additum
1414 2004 1528 2051 aug-

263 2062 490 2106 mentum,
525 2052 575 2097 &
609 2049 822 2098 insertum
858 2075 901 2100 το
935 2076 990 2107 κς.
1022 2052 1080 2100 ad
1117 2052 1380 2102 sententiam
1417 2069 1527 2101 con-

262 2116 544 2163 metendam.

203 2196 342 2244 1317.
380 2182 508 2245 Lege
531 2201 605 2239 ens.

205 2262 221 2292 1
234 2263 292 2309 32
300 2262 344 2307 5.
382 2272 443 2280 --
476 2271 513 2295 ου
534 2271 597 2309 ss?
618 2264 811 2312 αγχιπλουν
833 2272 946 2307 vagor

379 2313 579 2374 Φευγουων]
614 2314 783 2369 Verte,
817 2314 916 2362 Non
938 2317 1041 2362 enim
1053 2318 1324 2380 propinquum
1349 2319 1526 2380 naviga-

259 2379 380 2424 tionis
407 2379 619 2425 terminum
650 2378 837 2425 habentes
857 2380 1046 2442 fugiunt:
1111 2382 1390 2429 Sententiam
1425 2398 1526 2429 cor-

261 2445 437 2506 rumpit
476 2444 666 2506 Scaliger.
713 2444 908 2508 legendo
955 2445 1122 2510 absque
1165 2450 1415 2495 necessitate
1445 2467 1527 2506 φευ-

250 2514 380 2567 ξονον.

200 2589 219 2620 3
231 2587 342 2637 343.
377 2585 549 2623 Tem&
576 2598 675 2623 παστν
697 2598 730 2624 ην
753 2600 858 2624 cumr
877 2578 1008 2638 λογος]
1059 2578 1201 2625 Ηεᾶε
1223 2584 1331 2628 dom
1350 2581 1527 2643 reponit

259 2640 499 2688 Valckenar.
526 2641 583 2687 ad
605 2640 796 2704 Phamzff
817 2657 929 2705 927.

199 2721 225 2750 1-
231 2721 258 2767 3-
264 2722 337 2767 50.
371 2719 510 2755 Κονπις
530 2716 572 2754 ‹st
595 2730 733 2770 πρωρας
756 2707 868 2771 aper]
916 2707 1142 2773 Qisnam
1173 2724 1358 2772 proram
1381 2713 1527 2758 contis

258 2772 627 2834 apprehenderet,
648 2784 726 2818 aut
748 2773 1050 2835 quamobrem
1072 2774 1313 2838 quisquam
1338 2774 1386 2822 id
1408 2774 1527 2823 face-

258 2842 356 2893 ret,
390 2838 579 2884 minime
618 2837 838 2901 intelligo.
911 2838 1186 2902 Legendum
1232 2842 1373 2903 igitur
1411 2855 1527 2904 puto

257 2921 416 2966 aspum,
445 2914 498 2948 ut
529 2901 742 2948 sententia
773 2903 857 2958 fit·,
893 2906 1043 2968 *Contis
1063 2921 1162 2951 vero
1183 2918 1356 2967 proram
1376 2909 1524 2953 retine-

257 2967 372 3027 bant,
409 2984 464 3014 ne
485 2966 650 3014 scilicet
673 2968 885 3015 fluctibus
907 2972 1034 3016 navis
1055 2970 1201 3016 altum
1223 2970 1374 3017 versus
1404 2972 1525 3019 abri-

256 3046 449 3095 peretur.
519 3033 685 3080 Nautis
724 3035 845 3079 enim
882 3036 1118 3098 negotium
1152 3048 1246 3082 erat
1275 3049 1329 3083 ut
1363 3052 1525 3084 navem

255 3113 400 3162 prope
422 3098 550 3144 littus
573 3111 796 3162 quantum
822 3099 916 3145 fieri
940 3102 1089 3162 potuit
1112 3100 1403 3163 adpellerent,
1430 3118 1526 3165 quo

258 3162 435 3214 facilior
455 3165 502 3209 in
526 3179 688 3210 navem
714 3163 911 3210 ascensus
947 3165 1202 3228 Iphigeniae
1225 3168 1523 3231 contingeret.

260 3229 329 3280 Ita
361 3241 514 3274 autem
550 3244 716 3275 navem
735 3266 739 3268 .
759 3229 817 3275 ab
853 3230 905 3275 iis
941 3230 1175 3292 appulsam
1210 3234 1438 3294 concipio,
1473 3245 1526 3279 ut

254 3294 452 3356 puppim
473 3293 622 3347 versus
646 3294 790 3350 littus,
833 3309 1019 3356 proram
1053 3295 1202 3342 versus
1230 3297 1374 3343 altum
1401 3313 1525 3344 mare

257 3357 456 3413 haberet,
505 3357 822 3422 ascensumque
856 3374 912 3405 ex
947 3372 1071 3423 parte
1106 3364 1277 3427 puppis
1311 3361 1438 3409 fuine
1475 3379 1522 3409 a-

256 3422 517 3470 domatum.

199 3502 337 3550 1351.
357 3503 388 3533 ⁷-1
401 3503 426 3550 3
433 3503 511 3549 52.
547 3500 716 3550 Ayiwgmzv
740 3491 926 3547 egavnilov.
960 3498 992 3537 οἱ
1015 3497 1050 3538 82
1073 3509 1248 3549 κλιμακας

414 3579 417 3582 ·
552 3564 788 3611 Emvdbrm,
811 3578 891 3613 nyor
907 3563 969 3602 σθαι
989 3579 1098 3618 >caym
1120 3559 1331 3619 πςυμνηστα]
1370 3575 1524 3621 Αγιωςι

256 3616 468 3672 ultimam
478 3620 682 3681 corripit,
702 3619 1004 3681 penultimam
1023 3621 1353 3670 indifferentem
1371 3623 1522 3672 habet.

256 3682 359 3729 vide
394 3681 511 3730 infra
545 3699 591 3731 v.
630 3687 769 3743 1408.
821 3685 966 3734 Helen.
991 3687 1041 3733 v.
1074 3689 1183 3746 284.
1221 3689 1353 3738 Pind.
1380 3689 1516 3753 Pyth.

1207 283 1274 346 N
1342 278 1671 368 0⁷15AE
1746 270 1986 342 ῙῑΝ
2045 283 2055 330 ·.

1672 426 1721 459 x.
1748 426 1823 475 79.
1873 410 2013 457 Verte
2035 419 2218 464 autem;
2248 407 2363 457 Alii
2385 420 2485 455 vero
2506 405 2631 470 stalis
2657 405 2855 468 aptandis·
2868 407 2937 458 in·

1670 478 1773 524 tenti·
1790 474 1977 524 rudentes
1985 487 2068 537 per
2088 490 2232 522 manus
2251 473 2534 522 demittebant.v
2722 503 2724 506 ψ

1604 542 1664 591 V·
1693 558 1711 588 Ι
1723 557 1782 605 35
1790 556 1832 603 3.
1866 555 1996 601 Ποντῳ
2019 550 2062 589 Α
2081 545 2199 590 &mur
2219 562 2277 591 ‘sur
2308 544 2402 599 ξκνκν
2423 538 2611 601 merem]
2656 537 2743 585 Pet
2763 541 2939 597 urbm

1669 606 1975 671 proculdubio
2009 605 2276 669 intelligitur
2313 604 2570 668 Iphigenia,
2603 617 2711 667 quae
2744 603 2791 648 in
2823 617 2941 659 nave

1707 672 1857 719 uidem
1888 687 1982 719 non
2015 669 2164 721 adhuc
2186 669 2334 718 secure
2359 668 2539 734 prorsus
2569 668 2797 716 collocata
2822 679 2938 723 erat,
3008 675 3010 677 ’

1687 737 1744 784 ecl
1771 749 1927 785 tamen
1950 734 2054 800 jam
2084 749 2196 784 tunc
2225 736 2328 783 aetu
2363 750 2528 782 navem
2556 732 2754 788 intrabat
2779 736 2866 780 aut‘.
2890 733 2940 779 in

1669 818 1774 850 eam
1803 802 2143 859 demittebatur,
2177 817 2202 848 e
2224 816 2317 864 qua
2347 802 2487 848 etiam
2523 798 2679 862 postea
2710 796 2939 851 Thoantis

1673 867 1878 917 satellites
1901 882 2003 915 eam
2026 878 2321 915 retraxerunt.
2956 874 2961 877 ’

1611 948 1629 979 1
1643 934 1752 996 356.
1782 949 1922 998 1357.
1955 947 2174 995 Πςυμνκστων
2197 956 2239 982 π
2263 957 2319 987 &a
2334 932 2389 981 ‘est’
2411 944 2618 995 ευθυνπῑριας
2869 981 2874 984 ,

1954 1012 2086 1053 Omne&
2107 1004 2292 1059 εξξιεουμεν
2311 1018 2496 1059 ευπςυμυου
2518 997 2621 1058 recor]
2656 995 2732 1044 EX
2755 993 2826 1042 his
2839 1007 2938 1045 ver-
2959 1005 2965 1009 ’

1671 1064 1741 1111 bis
1769 1077 1906 1128 prout
1937 1081 2061 1112 nunc
2081 1065 2298 1129 leguntur
2317 1063 2445 1111 nulla
2467 1060 2717 1109 commoda
2736 1059 2939 1110 exoritur
2983 1079 2989 1113 j

1669 1129 1892 1178 sententia.
1952 1132 2084 1179 Prius
2108 1132 2230 1178 enim
2253 1151 2469 1192 wgufflumv
2491 1125 2800 1191 proculdubio
2820 1138 2935 1190 pen·

1668 1194 1747 1242 det
1768 1212 1795 1243 a
1816 1196 2098 1260 praecedente
2117 1207 2313 1260 εφρμεῶα,
2348 1209 2442 1260 non
2463 1193 2522 1240 ab
2545 1198 2743 1255 εξῃςονμενς
2777 1189 2934 1241 distin-

1667 1262 1906 1325 guendum
1929 1265 2071 1326 igitur
2091 1262 2198 1326 post
2219 1283 2437 1323 πςυμνκστων
2451 1281 2506 1308 τι.
2526 1258 2705 1307 Deinde
2720 1275 2836 1310 uauu
2849 1269 2938 1303 nu·
3008 1300 3013 1302 t

1668 1324 1796 1374 mero
1813 1327 1982 1391 plurali
2011 1341 2304 1392 nequaquam
2338 1325 2414 1373 hic
2442 1325 2554 1373 stare
2574 1322 2739 1388 potest,
2770 1336 2867 1371 non
2886 1335 2943 1369 ed·

1666 1394 1765 1440 nim
1790 1393 1922 1456 plura
1955 1392 2265 1457 gubernacula
2294 1391 2493 1439 habebat
2514 1405 2607 1437 una
2641 1389 2784 1436 navis-
2840 1385 2936 1437 Le·
3003 1447 3017 1464 ἢ

1665 1459 1872 1520 gendum
1894 1461 2037 1523 igitur
2055 1482 2184 1515 οωυως,
2217 1457 2462 1522 generandi
2484 1455 2618 1512 casu,
2639 1467 2833 1503 numero
2849 1451 2953 1500 fin·

1666 1523 1833 1587 gulari,
1852 1538 1904 1573 ut
1926 1525 1985 1572 ab
2006 1541 2202 1590 ευθυνπιριω
2220 1522 2429 1587 pendeat.
2449 1524 2590 1571 Verte
2613 1534 2790 1577 autem„
2807 1519 2937 1569 Pm-

1657 1589 1796 1653 g'rinae
1816 1607 1958 1641 manus
1990 1593 2194 1656 injecimus
2221 1588 2545 1653 rudentibusque,
2577 1597 2626 1635 ut
2646 1589 2856 1647 σωκ-(ψ
2877 1587 2940 1645 ξι,ς

1665 1679 1718 1706 rur
1745 1655 1923 1715 scilicet,
1960 1657 2271 1721 Iphigeniam)
2296 1667 2378 1718 per
2404 1654 2590 1703 rudentes
2608 1669 2670 1702 eos
2690 1651 2835 1716 quibus
2849 1664 2936 1715 gu·

1662 1722 1915 1771 bernaculum
1934 1723 2207 1786 dirigebatur,
2241 1738 2262 1768 e
2293 1727 2402 1768 nav‘e
2420 1721 2614 1783 pulcram
2634 1717 2807 1768 habente
2823 1725 2938 1780 m-

1655 1791 1746 1851 pim
1767 1793 2029 1838 extraximus.
2089 1788 2236 1854 Qod
2259 1800 2412 1835 autem
2436 1785 2644 1835 satellites
2668 1786 2767 1834 non
2786 1780 2936 1847 ipsum

1665 1853 1959 1920 gubernaculi
1995 1855 2180 1902 clavum
2212 1854 2318 1901 navi
2345 1850 2644 1909 abstulerunt,
2688 1848 2764 1898 sed
2795 1862 2855 1898 ex
2872 1862 2938 1896 »ea

1664 1921 1794 1968 navis
1818 1917 1962 1985 parte,
1995 1921 2078 1968 ubi
2109 1918 2475 1985 gubernaculum
2505 1917 2700 1967 funibus
2731 1925 2936 1977 erat—apt

1663 1998 1812 2034 tatum
1848 2003 1944 2051 quo
1965 1985 2143 2035 facilius
2173 1997 2419 2051 regeretur,
2453 1984 2748 2050 Iphigeniam
2765 1982 2935 2042 iterum

1664 2053 1711 2098 in
1734 2066 1901 2100 terram
1925 2052 2187 2101 descendere
2209 2062 2472 2115 coegerunt,
2493 2051 2599 2098 hinc
2619 2059 2773 2117 patet,

1662 2118 1697 2164 fi
1718 2119 2082 2182 gubernaculum
2104 2134 2258 2166 revera
2278 2119 2385 2166 navi
2405 2115 2612 2165 avulsum
2633 2112 2799 2171 fizisset,
2831 2111 2934 2161 haec

1662 2186 1944 2248 navigationi
1977 2186 2129 2250 inepta
2171 2184 2381 2247 deinceps
2414 2182 2564 2230 fuiffet
2599 2179 2789 2230 reddita.
2864 2178 2935 2225 At
3014 2216 3018 2219 <

1662 2265 1811 2313 neque
1845 2251 1903 2298 de
1937 2250 2044 2308 hoc,
2078 2265 2228 2314 neque
2298 2264 2323 2295 e
2361 2247 2672 2313 gubernaculo
2691 2245 2752 2298 ab
2773 2240 2936 2292 Oreste

1661 2330 1743 2363 aut
1763 2317 1890 2365 sociis
1911 2328 2191 2380 recuperato,
2218 2315 2268 2362 ul
2287 2330 2314 2361 a
2333 2314 2520 2378 posthac
2543 2312 2618 2361 vel
2638 2311 2862 2387 levissima
2879 2309 2936 2358 fit

1661 2384 1850 2431 mentio.
1926 2383 2166 2446 Iphigenia
2202 2393 2356 2427 autem
2387 2381 2580 2428 omnino
2602 2393 2768 2427 navem
2790 2386 2933 2424 intra·

1659 2462 1803 2507 verat,
1826 2461 1880 2495 ut
1901 2448 2057 2496 diserte
2075 2463 2123 2494 v.
2150 2462 2172 2493 ι
2180 2463 2206 2510 3
2214 2465 2240 2508 5
2248 2464 2290 2510 3.
2314 2446 2494 2503 dicitur,
2528 2460 2581 2492 ea
2602 2456 2756 2492 tamen
2776 2439 2934 2514 postea

1659 2526 1787 2562 extra
1810 2529 1975 2561 navem
1998 2515 2047 2562 &
2071 2517 2116 2562 in
2134 2512 2284 2560 littore
2303 2512 2495 2560 stantem
2516 2527 2563 2560 v.
2588 2526 2607 2558 1
2619 2513 2806 2573 381.-¹
2814 2508 2928 2571 383.

1659 2580 2062 2644 deprehendimus,
2085 2579 2207 2626 unde
2227 2576 2450 2642 sequitur,
2464 2592 2567 2624 eam
2587 2577 2766 2640 priusa
2783 2576 2932 2648 puppi

1660 2662 1826 2693 navem
1849 2647 2094 2694 intrantem
2118 2646 2164 2692 in
2184 2658 2353 2691 terram
2375 2641 2636 2710 descendere
2657 2656 2686 2689 a
2701 2638 2932 2698 Thoantis

1660 2710 1925 2759 satellitibus
1946 2710 2075 2760 fuisse
2099 2710 2321 2766 coaetam.

1601 2774 2675 2890 ’333...ἔῗὲἣέέἒώῗὲῗῇῗὲᾃέῗἎὲώξΐ
2682 2769 2929 2887 t‘lssespili

1660 2919 1761 2954 tum
1787 2907 1909 2973 apud
1931 2859 2090 2956 omne}
2104 2908 2314 2956 Editores
2337 2856 2594 2956 lilei’itium‘.l
2631 2904 2779 2955 Nulla
2793 2915 2926 2954 co'm-

1660 2973 1844 3020 modior
1877 2973 1992 3020 mihi
2024 2976 2221 3021 occurrit
2248 2974 2520 3020 emendandi
2541 2974 2656 3020 ratio
2688 2986 2832 3035 quam
2855 2988 2925 3020 re-

1658 3037 1873 3102 ponendo
1905 3064 1923 3087 n
1952 3055 2037 3104 pro
2068 3064 2139 3095 χρυ,
2171 3051 2227 3087 ut
2252 3041 2355 3087 finis
2387 3037 2540 3087 versus
2569 3039 2623 3087 fit
2647 3040 2766 3099 {aem
2792 3062 2813 3087 n
2841 3048 2926 3089 θυή-
2983 3108 2987 3109 ⁷

1600 3183 1618 3214 1
1630 3123 1877 3229 gggoy'Taros
1897 3170 1959 3217 est
1981 3170 2077 3234 Qo
2089 3180 2216 3232 patre
2236 3181 2372 3218 natus.
2779 3188 2782 3189 ’
2852 3205 2854 3208 >

1599 3238 1739 3311 13708.
1778 3238 1852 3287 525³
1873 3255 2054 3290 οινοιςειλαι
2075 3257 2215 3293 ww,
2250 3235 2347 3284 adeo
2367 3247 2415 3285 ut
2433 3236 2586 3300 largius
2601 3234 2745 3298 pedem
2775 3235 2925 3285 '‘etule-

1656 3316 1796 3348 rzmus.

1597 3367 1738 3426 1380.
1777 3375 1880 3415 Φοζος
1909 3367 1952 3414 dl'
1974 3391 2009 3417 m
2030 3389 2199 3417 vweewc
2231 3373 2365 3427 τέγξαι
2393 3366 2528 3431 στοὰ]
2574 3368 2730 3424 Verte,
2761 3365 2925 3415 Namae

1654 3442 1790 3478 autem
1811 3432 2006 3479 timebant
2021 3448 2070 3479 ne
2085 3431 2359 3480 humebi'arent
2372 3433 2530 3495 pedem,
2554 3434 2601 3481 id
2621 3433 2703 3489 est,
2737 3449 2793 3480 ne
2814 3446 2924 3480 nau.

1652 3494 1859 3606 lfragium
1899 3495 2116 3547 facerent
2135 3497 2170 3544 fi
2207 3499 2397 3561 propius
2436 3499 2563 3545 littus
2599 3499 2728 3546 navis
2766 3497 2921 3563 adpel-

1671 3574 1777 3607 eret.
2437 3598 2440 3601 .

1595 3629 1737 3690 1383.
1770 3630 1911 3691 1384.
1941 3631 2083 3691 1385.
2120 3628 2230 3675 Εθηκῖ
2251 3639 2407 3686 amour
2429 3650 2525 3678 mos·
2545 3650 2694 3690 ενσημου
2716 3651 2808 3679 nest.

2060 3701 2062 3704 ’
2118 3704 2167 3741 To
2189 3694 2227 3742 τ’
2247 3717 2383 3757 ουςανου
2407 3717 2572 3754 mcum,
2605 3718 2667 3747 ‘mr
2683 3711 2768 3745 Atos
2783 3715 2881 3756 ‚tagus-

2755 3771 2929 3819 Λγκλμει*
