3068 4224
236 315 362 375 180

293 456 363 491 tra
394 443 515 491 dicat
541 443 693 499 Faber,
729 441 778 489 &
810 442 874 489 ita
907 440 1062 487 locum
1095 438 1216 485 hunc
1245 438 1549 494 vertendum;

228 525 233 527 ’
293 510 429 556 Pater
448 524 546 556 vero
564 514 660 570 por?
680 517 794 570 terga
804 506 965 568 funalis
984 507 1074 567 equi
1091 502 1340 567 proficiscens
1355 514 1551 566 propera-

292 575 365 621 bat
385 574 594 621 admonens
605 574 755 632 filium.
804 573 935 618 -Cum
958 573 1079 617 enim
1100 566 1282 631 jugales
1305 571 1411 630 equi
1434 569 1552 615 linea

292 640 411 686 reesa
444 654 628 685 currum
655 638 985 700 praecedebant,
1020 635 1187 681 necesse
1218 645 1312 679 erat
1334 647 1387 680 ut
1407 648 1551 696 equus

290 703 457 751 funalis
478 703 736 766 paullulum
761 707 793 747 a‘
809 703 942 748 latere
964 700 1327 763 progrederetur,
1362 699 1475 745 adeo
1499 711 1552 744 ut

292 769 492 833 quisquis
522 784 628 815 cum
660 783 686 813 a
707 781 837 830 tergo
858 766 1125 828 sequebatur
1148 763 1204 810 ad
1238 765 1354 810 latus
1378 765 1551 827 aurigae

292 835 527 881 necessario
548 845 658 888 erat,
693 835 774 895 qui
805 832 932 879 locus
960 830 1238 892 colloquenti
1270 830 1318 875 &
1349 829 1552 877 monenti

289 912 383 947 erat
424 898 828 946 commodissimus.
909 893 1215 957 Injueundum
1260 907 1411 940 autem
1458 909 1551 940 non

290 967 373 1011 erit
404 967 610 1010 virorum
645 962 886 1009 dostorum
917 961 1213 1023 discrepantes
1242 960 1297 1006 de
1327 959 1416 1006 hoc
1445 959 1550 1005 loco

288 1030 520 1076 sententias
544 1027 775 1083 recensere,
796 1028 1023 1089 &paucis
1046 1025 1309 1089 expendere.
1336 1025 1549 1084 Salmafius

249 1122 260 1135 ·
288 1098 347 1141 ad
369 1095 576 1141 Solinum
598 1109 644 1156 p.
677 1093 786 1155 630.
820 1093 866 1138 b.
898 1091 1135 1153 vulgatam
1159 1090 1425 1154 scripturam
1448 1102 1547 1136 tue-

287 1171 378 1216 tur,
414 1160 462 1206 &
483 1172 610 1222 Σειςιον
632 1160 948 1221 interpretatur
979 1158 1146 1211 Sirium,
1183 1172 1238 1202 eo
1268 1154 1432 1203 scilicet
1461 1169 1547 1200 no·

286 1227 410 1272 mine
432 1224 567 1281 fidus,
603 1222 729 1287 quod
766 1223 920 1270 Solem
950 1221 1261 1276 conscendisse,
1297 1222 1346 1267 δε
1367 1236 1422 1267 eo
1443 1219 1546 1266 infi-

285 1290 467 1338 dentem
492 1306 517 1337 a
535 1301 668 1354 tergo
690 1289 837 1337 filium
860 1286 987 1334 fuisse
1007 1285 1227 1343 secutum,
1263 1298 1409 1349 putat.
1458 1284 1549 1332 Sed

286 1357 389 1418 quis
418 1371 625 1419 unquam
655 1353 795 1401 fando
821 1352 997 1400 audivit
1028 1352 1196 1398 astrum
1219 1367 1305 1414 pro
1326 1366 1446 1413 equo
1469 1364 1549 1399 aut

286 1437 422 1468 curru
443 1420 730 1484 usurpatum,
765 1431 844 1467 aut
866 1418 1003 1464 deum
1026 1432 1346 1480 quemcunque
1378 1415 1550 1462 astrum

286 1486 594 1549 conscendisse,
631 1487 678 1534 &
703 1488 751 1531 in
772 1502 827 1532 eo
850 1483 978 1530 velut
1000 1497 1121 1546 equo
1145 1481 1391 1546 equitasse?
1427 1479 1546 1527 Vide

286 1566 394 1614 quae
433 1553 692 1599 notavimus
728 1551 782 1598 ad
822 1548 994 1597 Catulli
1029 1549 1292 1611 poemation
1314 1547 1370 1594 de
1396 1546 1547 1594 Coma

286 1618 515 1664 Berenices
534 1634 582 1682 ,V·
606 1634 680 1679 54.

417 1684 581 1730 Obtulit
597 1682 694 1740 Arfi
694 1697 780 1728 noes
802 1679 996 1728 Locridos
1013 1679 1250 1743 ales‚eqz.·¹us,

284 1748 380 1804 ubi,
416 1749 543 1812 quod
563 1748 765 1795 Achilles
789 1747 956 1793 Statius
983 1748 1137 1800 etiam,
1173 1760 1437 1807 quanquam
1457 1742 1544 1790 du·

284 1813 387 1860 bius
417 1816 466 1860 &
490 1814 728 1869 flustuans,
764 1809 1030 1873 conjecerat,
1065 1825 1333 1873 germanam
1357 1809 1545 1873 scriptu-

278 1894 382 1926 ram
405 1880 487 1926 esse
506 1878 714 1942 Alisequus
732 1876 826 1924 fuse
849 1876 1142 1923 ostendimus,
1189 1877 1302 1922 “At
1326 1875 1358 1921 fi
1380 1872 1545 1921 funalis

285 1950 318 1971 “
337 1946 441 2007 equi
457 1947 631 2009 (inquit
653 1943 886 2002 Salmafius)
915 1943 1061 2004 fingas
1083 1956 1191 1986 eum
1217 1940 1414 2000 (Solem)
1438 1940 1545 1986 dor-

285 2015 319 2039 “
337 2009 382 2056 so
405 2009 617 2064 insedisse,
653 2008 891 2072 quomodo
913 2019 1035 2056 owaew
1057 2016 1231 2061 famum,
1260 2019 1337 2053 aut
1358 2017 1544 2060 νουθεπιν,

287 2080 319 2102 “
339 2076 432 2122 ἀὶςίι
447 2076 647 2139 poterit?
697 2075 864 2137 Neque
885 2074 1006 2119 enim
1031 2076 1136 2136 equi
1166 2087 1286 2137 pone
1309 2073 1546 2118 currum.’'

283 2142 426 2189 Reae
460 2141 666 2204 quidem,
702 2141 733 2186 fi
766 2139 920 2186 Solem
951 2138 1082 2185 dorso
1122 2137 1289 2185 funalis
1334 2140 1440 2200 equi
1476 2139 1543 2184 in-

265 2207 433 2254 sedisse
456 2207 631 2270 fingas,
667 2222 758 2252 non
781 2207 859 2262 ita,
886 2204 916 2250 fi
939 2220 1044 2250 eum
1070 2221 1095 2250 a
1117 2218 1247 2266 tergo
1269 2203 1463 2266 pedibus
1484 2203 1546 2250 se-

284 2285 442 2319 cutum
474 2270 601 2318 fuisse
623 2271 802 2318 statuas.
860 2270 1014 2325 Error,
1051 2287 1145 2317 non
1170 2268 1356 2327 Salmcfii
1379 2268 1544 2325 solum,

283 2337 360 2383 sed
381 2339 428 2383 ὅτ
450 2337 596 2394 Fabri,
629 2339 946 2398 omniumque,
981 2347 1212 2398 quotquot
1241 2331 1355 2390 sunt,
1389 2334 1546 2382 (106ὶο-

286 2418 388 2448 rum
401 2404 606 2450 virorum
629 2404 710 2464 qui
730 2402 849 2448 hune
873 2401 1027 2446 locum
1049 2400 1196 2447 adhuc
1218 2399 1543 2463 expenderunt,

286 2468 388 2513 inde
411 2480 536 2514 ortus
559 2467 754 2523 videtur,
792 2466 916 2528 quod
938 2481 1092 2512 veram
1115 2465 1240 2512 verbi
1264 2473 1423 2515 ἱππευειν
1456 2465 1544 2512 hoc

258 2540 260 2542 ’
284 2536 331 2579 in
367 2533 469 2579 loco
492 2533 864 2595 significationem
891 2533 1039 2578 minus
1062 2527 1160 2577 sunt
1191 2531 1384 2577 assecuti.
1443 2532 1543 2578 Pri-

232 2619 235 2621 *
286 2600 428 2645 maria
448 2598 635 2661 quidem
653 2592 786 2658 hujus
809 2597 935 2643 verbi
956 2596 1224 2659 significatio
1252 2597 1315 2643 est
1340 2598 1543 2659 equitare3

285 2664 354 2710 sed
384 2660 760 2726 quandoquidem
795 2664 876 2725 qui
911 2678 1030 2724 equo
1053 2662 1232 2708 vehitur
1254 2662 1438 2708 celerius
1461 2663 1545 2708 iter

284 2729 467 2775 conficit
506 2744 645 2791 quam
679 2730 757 2790 qui
792 2727 983 2789 pedibus
1024 2727 1246 2782 ambulat,
1290 2743 1370 2789 per
1402 2740 1543 2774 meta-

242 2844 246 2853 ,
282 2796 476 2857 phoram
508 2795 644 2840 etiam
668 2792 933 2840 transfertur
962 2792 1018 2838 ad
1042 2793 1415 2854 significationem
1441 2806 1541 2855 pro-

274 2859 465 2922 perandi,
505 2862 552 2905 in
575 2875 669 2921 quo
683 2858 811 2909 ‚sensu
834 2854 970 2904 etiam
994 2856 1232 2921 usurpatur
1254 2859 1311 2904 ab
1332 2858 1428 2921 ipso
1450 2861 1539 2906 Eu-

280 2924 411 2986 ripide
431 2925 556 2971 Herc.
575 2925 679 2970 Fur.
704 2940 748 2969 v.
777 2939 914 2969 1001.

413 2990 593 3046 Κφῖνῧῡνδὶ
617 3011 712 3044 waes
728 3011 887 3048 ssgov‘mr
909 2997 1051 3038 ἵππευε
1073 3006 1178 3044 φονον.

284 3056 329 3101 Si
353 3056 491 3118 igitur
513 3055 871 3105 verbumffffmm
893 3053 968 3099 hic
992 3066 1135 3100 vertas
1154 3054 1419 3114 properabat,
1454 3054 1540 3101 sta-

285 3124 366 3167 tim
390 3120 558 3166 corruit
580 3120 678 3166 haec
701 3117 910 3175 obieffio.
961 3121 1078 3165 “-At
1099 3131 1246 3180 Σειςαιον
1271 3120 1443 3181 (pergit
1468 3122 1540 3166 vir

284 3193 315 3211 “
330 3185 668 3241 eruditissimus)
704 3186 786 3230 vix.
806 3183 1181 3232 Graeciabsolute
1203 3185 1360 3230 dicunt
1384 3185 1440 3231 de
1462 3184 1538 3232 fu-

282 3250 423 3308 ‘finali
443 3265 579 3310 equo,
604 3249 674 3295 sed
694 3249 867 3311 semper
888 3257 997 3296 ἱππυν
1013 3250 1194 3311 σειραιον·.”
1229 3249 1370 3304 Esto;
1391 3266 1538 3312 quan-

281 3331 424 3378 quam
448 3314 534 3360 hoc
559 3316 717 3360 verum
747 3316 831 3361 esse
865 3329 956 3359 non
987 3313 1147 3368 credO;
1171 3313 1254 3375 sed
1288 3330 1434 3377 neque
1464 3315 1539 3363 hic

281 3379 480 3426 absolute
514 3381 717 3440 ponitur,
763 3394 987 3444 equorum
1023 3381 1142 3425 enim
1175 3380 1353 3427 mentio
1376 3382 1539 3428 imme·

281 3445 398 3491 diate
420 3444 651 3509 praecedit,
1022 3491 1032 3500 ,

558 3510 599 3556 ou‘
620 3509 663 3555 ΑΥ
683 3508 832 3558 mmm-³
853 3507 912 3555 εντ’
936 3518 1069 3571 αιὲφρος
1092 3532 1254 3572 πτυχας,

281 3573 400 3619 unde
423 3573 661 3636 repetenda
681 3573 746 3619 est
765 3589 857 3618 vox
880 3580 1006 3620 ἵππω.
1043 3574 1192 3630 Faber,
1218 3576 1266 3621 δε
1290 3590 1396 3622 eum
1421 3574 1538 3622 secu.

278 3639 521 3687 tusnoster
545 3640 757 3692 Pearcius,
798 3650 929 3686 Σειειον
968 3635 1181 3698 adjeCiive
1212 3640 1412 3704 positum
1447 3657 1536 3704 pu·
1587 3670 1590 3672 ,

248 3730 250 3732 ν
277 3714 391 3758 tant,
426 3705 474 3751 ὅτ
497 3715 679 3751 vertunt
701 3705 862 3767 Equum
877 3704 1063 3765 astricum
1086 3704 1157 3750 vel
1180 3704 1376 3765 caelestem,
1393 3721 1534 3771 quem

1604 3578 1664 3625 ν’
1683 3594 1705 3628 ²
1720 3594 1760 3626 L
1784 3594 1926 3701 zgviw'
1948 3647 2058 3705 &ww
2075 3645 2189 3709 rm]
2223 3643 2368 3710 Apud
2391 3644 2664 3711 Longinum
2687 3642 2944 3695 ediffll'ollii
3013 3696 3031 3708 ²

1096 263 1270 369 ..N
1347 301 1697 369 o'T‘AE
1812 302 1976 365 IN

1686 434 1764 481 Sol
1788 425 2259 488 cum'conscendisset,
2296 445 2322 477 a
2351 441 2481 494 tergo
2506 431 2654 479 filium
2687 432 2949 496 insequutus
2996 450 2998 452 ·

1684 496 1974 546 admonebat.
2024 497 2109 543 Sed
2134 509 2301 559 praeter
2318 512 2459 559 equos
2491 497 2714 554 rhedarios,
2747 515 2946 562 quorum

1684 566 1823 611 etiam
1847 564 2033 609 nomina
2056 578 2082 607 a
2103 563 2254 608 Poetis
2271 576 2612 618 memorantur,
2653 580 2791 617 nemo
2823 577 2948 611 vete·
2990 569 2995 571 ’

1685 645 1807 685 rum,
1831 641 1882 675 ut
1904 630 2084 691 opinor,
2108 627 2165 673 de
2187 643 2306 690 equo
2330 627 2507 690 insuper
2521 632 2702 676 ver-lario
2721 628 2815 676 Soli
2837 645 2944 691 pro-
2984 646 2986 648 ·

1684 695 1840 757 spexit.
1866 694 2005 742 Unde
2026 708 2139 756 ergo
2156 709 2328 755 equum
2352 692 2474 740 hunc
2489 694 2665 752 caelqstem
2684 693 2846 741 habere
2863 708 2947 756 pm

1684 762 1772 806 tuit
1808 760 1903 815 Sol,
1941 759 2019 806 nifi
2057 759 2174 805 forte
2197 758 2254 804 ab
2291 757 2448 820 aliquo
2479 759 2780 821 planetarum,
2829 772 2947 821 quos

1683 839 1841 872 omnes
1862 825 1962 872 suos
1985 827 2122 889 etiarn
2143 823 2344 871 habuiffe
2372 839 2524 886 equos
2537 839 2618 870 nos
2641 825 2772 870 docet
2793 825 2945 881 Faber,

1685 903 1900 938 mutuum
1939 890 2158 953 acceperit
2184 888 2200 934 ?
2276 885 2362 934 Sed
2404 889 2504 935 haec
2548 888 2807 936 absurdiora
2846 888 2947 937 sunt

1682 972 1826 1020 quam
1842 969 1896 1003 ut
1912 956 1963 1003 iis
1983 956 2152 1002 diutius
2172 952 2419 1000 refutandis
2441 956 2757 1003 immoremur.
2789 954 2944 1012 Adde,

1682 1022 1809 1085 quod
1831 1037 1994 1069 vocem
2024 1030 2136 1069 ἵππου
2160 1019 2234 1066 hic
2266 1017 2495 1068 subaudiri
2518 1032 2636 1073 certe
2659 1035 2752 1068 non
2772 1019 2946 1084 patitur
2978 1078 2983 1088 ἱ
3059 1014 3068 1073 ⁷.

1684 1089 1865 1136 Graecae
1886 1087 2060 1152 linguae
2082 1085 2274 1140 indoleS‚
2310 1099 2390 1131 nec
2413 1085 2476 1132 est
2498 1085 2618 1132 unde
2646 1108 2718 1134 am
2738 1103 2845 1136 noem
2875 1101 2952 1134 re·
2991 1102 2995 1107 ¹

1680 1156 1775 1219 peti
1797 1155 1944 1216 poflit.
1981 1152 2197 1201 Boilavius
2221 1148 2375 1197 Solem
2405 1166 2499 1198 non
2527 1151 2645 1199 astro
2666 1150 2959 1215 inequitasse,

1680 1234 1763 1267 nec
1800 1234 1974 1282 equum
2009 1215 2318 1272 conscendisse,
2358 1229 2508 1279 putat,
2543 1215 2616 1263 sed
2648 1218 2712 1264 ita
2742 1217 2843 1266 haec
2870 1219 2944 1265 in·

1679 1295 1948 1348 terpretatur
1970 1282 2095 1346 quafi
2137 1288 2169 1308 “
2188 1281 2266 1328 Sol
2300 1281 2356 1327 ad
2391 1280 2548 1330 locum
2575 1293 2719 1346 ‘quem
2754 1284 2803 1331 in
2835 1283 2946 1348 coeli
3002 1339 3004 1341 Ι

1680 1352 1816 1414 plane
1838 1362 1994 1397 centro
2017 1365 2067 1394 ac
2091 1359 2219 1410 parte
2250 1346 2458 1394 altisfima
2486 1347 2663 1397 obtinet
2684 1348 2842 1406 Sirius,
2877 1347 2943 1397 as-

1679 1416 1922 1471 sce'ndisset,
1956 1427 2010 1461 ut
2032 1414 2151 1469 inde,
2184 1412 2312 1459 velut
2334 1428 2390 1459 ex
2407 1411 2602 1476 specula,
2632 1412 2716 1461 filii
2735 1415 2819 1462 iter
2838 1413 2943 1464 diu-

1679 1483 1770 1529 tius
1792 1480 2022 1544 spectaret,
2042 1495 2093 1525 ac
2116 1479 2293 1524 monita
2308 1476 2385 1525 sua
2405 1494 2492 1542 pro
2511 1495 2558 1526 re
2580 1491 2684 1526 nata
2702 1480 2941 1544 ingereret.

1681 1547 1778 1595 Sed⁴
1809 1547 1926 1593 hanc
1965 1545 2378 1608 interpretationem
2412 1541 2620 1592 funditus
2652 1547 2816 1595 evertit
2839 1561 2944 1595 ver-³

1679 1613 1795 1661 bum
1818 1611 1934 1659 istud
1956 1619 2100 1660 formae.
2137 1609 2398 1675 Qomodo
2420 1610 2543 1658 enim
2567 1610 2646 1658 Sol
2672 1618 2832 1662 {amour
2853 1611 2951 1660 dici

1678 1689 1875 1742 poterat,
1909 1678 1993 1749 qui
2026 1676 2172 1723 filium
2197 1690 2287 1723 non
2312 1674 2596 1739 sequebatur,
2629 1675 2711 1728 sed
2729 1675 2819 1740 ipse
2851 1679 2944 1725 im·

1680 1757 1834 1791 motus
1857 1744 1941 1790 iter
1957 1758 2051 1805 ejus
2069 1739 2330 1805 speftabat?
2364 1742 2828 1813 praeterquamquod
2845 1742 2878 1791 fi
2897 1742 2945 1790 id
3009 1743 3015 1748 ’

1681 1810 1776 1857 Soli
1797 1813 1845 1858 in
1867 1809 2024 1856 animo
2044 1806 2210 1864 fuisset,
2231 1821 2324 1853 non
2346 1806 2448 1870 post
2471 1820 2599 1873 terga
2620 1809 2743 1864 Sirii,
2761 1806 2944 1873 sed‹.po-

1677 1877 1768 1923 tius
1791 1878 1838 1924 in
1862 1875 2079 1922 anteriore
2100 1871 2196 1936 ejus
2215 1883 2358 1936 parte,
2383 1871 2424 1920 se
2446 1871 2954 1923 collocaturusssfuiflet„

1678 1943 1899 1990 Dacierius
1916 1957 1997 2004 per
2017 1953 2151 1991 Σειειον
2174 1937 2403 2002 intelligit,
2428 1955 2520 1988 non
2543 1939 2662 1988 sidus
2683 1955 2737 1988 eo
2758 1942 2947 1990 nomine
2995 2004 2997 2007 Ι

1679 2006 1976 2071 appellatum,
2011 2005 2084 2052 sed
2114 2005 2282 2052 astrum
2313 2005 2566 2068 quodlibet,
2609 2007 2658 2053 &
2691 2006 2754 2054 ita
2782 2006 2941 2057 iocum

1679 2075 1847 2127 vertit;
1897 2074 2031 2120 Pater
2063 2088 2176 2127 vera,
2211 2070 2310 2130 astri
2330 2069 2654 2134 dorsl'o‘conscenfh
2689 2089 2717 2118 a
2745 2082 2857 2135 tergo
2875 2075 2963 2138 itt-4

1678 2139 1900 2203 equitabat.
1961 2138 2048 2184 Sed
2079 2149 2132 2184 ut
2154 2135 2341 2197 Hesychii
2370 2137 2624 2185 austoritati
2650 2137 2696 2183 id
2718 2137 2942 2186 conceda:-

1656 2239 1663 2249 ,,
1680 2221 1801 2261 mm,
1835 2218 1962 2265 Σειςιον
1985 2218 2070 2265 pro
2093 2203 2210 2250 astro
2234 2202 2502 2265 generaliter
2523 2201 2669 2258 sumi,
2717 2204 2820 2266 quis
2852 2219 2942 2251 un-

1678 2287 1820 2335 quam
1851 2282 2057 2316 veterum
2091 2267 2291 2315 formam
2329 2270 2546 2330 equinam
2582 2268 2706 2320 astris
2743 2268 2944 2317 tribuisse
2997 2294 3000 2297 «

1677 2335 2051 2400 deprehendetur,
2094 2347 2146 2380 ut
2181 2332 2498 2380 astrisdorsum
2531 2330 2823 2383 conscendere
2855 2349 2942 2398 po-

1677 2404 1811 2450 tuerit
1833 2401 1931 2458 Sol,
1967 2403 2015 2448 &
2038 2417 2092 2448 eo
2113 2399 2396 2462 inequitare?
2808 2396 2810 2398 ’
2862 2412 2864 2414 ·

1809 2471 1954 2527 Οὲνεηι
1975 2467 2203 2520 ridiculam,
2239 2465 2293 2512 &
2316 2467 2434 2512 nimis
2439 2465 2630 2528 jocosam.
2900 2503 2903 2507 .

1678 2534 1912 2596 Lepidum
1935 2549 2045 2579 vero
2070 2543 2396 2595 argumentum
2419 2531 2475 2576 de
2506 2531 2584 2579 suo
2607 2531 2827 2580 subneffit
2849 2533 2943 2583 Da-

1677 2602 1818 2646 cierius
1847 2614 1932 2662 pro
1968 2597 2159 2661 vulgata
2184 2597 2399 2652 leffione,
2450 2598 2498 2643 δε
2539 2596 2698 2645 contra
2733 2599 2944 2665 Rutgersti
3016 2602 3019 2606 ’

1677 2664 2061 2719 emendationem,
2121 2662 2247 2726 quod
2289 2661 2454 2709 scilicet
2488 2678 2574 2726 ,pes
2613 2661 2749 2725 hujus
2791 2662 2940 2711 versus

1674 2729 1956 2792 penultimus
1987 2729 2168 2775 iambus
2203 2728 2287 2774 esse
2323 2726 2456 2774 debet
2481 2746 2492 2774 :
2543 2729 2668 2790 quasi
2693 2729 2766 2776 vel
2790 2731 2942 2792 pueris

1677 2807 1839 2841 notum
1875 2810 1968 2842 non
2001 2795 2123 2850 esset,
2157 2793 2376 2840 senarium
2404 2793 2665 2842 iambicum
2701 2795 2746 2841 in
2780 2797 2965 2858 'quinta

1639 2867 1643 2875 “
1675 2860 1774 2908 sede
1805 2876 1937 2924 aeque
1972 2859 2239 2924 spondaeum
2276 2875 2327 2905 ac
2356 2858 2567 2906 iambum
2601 2860 2854 2917 admittere,
2889 2863 2941 2909 &
3050 2894 3056 2919 .÷·

1675 2926 2019 2988 diphthongum
2056 2925 2265 2987 sequente
2300 2926 2448 2972 vocali
2471 2940 2603 2986 aeque
2626 2927 2790 2989 corripi
2818 2928 2956 2989 posse

1675 3006 1726 3037 ac
1748 2991 1955 3054 produci.
1996 2991 2125 3054 Qid
2149 2989 2276 3053 quod
2299 2992 2348 3036 ὅτ
2371 2990 2459 3053 ipse
2476 2992 2731 3052 Rutgerstus,
2746 2993 2838 3054 >qui
2860 3009 2939 3040 ver.

1674 3068 1771 3102 ram
1803 3054 1937 3118 hujus
1959 3055 2049 3102 loci
2083 3058 2350 3117 scripturam
2373 3058 2551 3118 primus
2581 3072 2804 3120 aeprope
2819 3055 2945 3114 solus

1673 3122 1806 3178 vidit,
1849 3138 2002 3168 veram
2041 3135 2191 3168 tamen
2227 3123 2640 3184 interpretationem
2677 3137 2770 3168 non
2805 3123 2938 3171 vidit.

1674 3186 1803 3235 Nam
1829 3188 1877 3234 &
1902 3187 1991 3251 ipse
2014 3186 2167 3233 Solem
2191 3187 2298 3248 equi
2323 3187 2489 3233 funalis
2517 3180 2700 3234 dorsum
2728 3186 2937 3235 conscen-

1673 3251 1778 3298 dere
1809 3251 1921 3299 facit
1956 3253 2083 3312 (vide
2117 3250 2212 3314 ejus
2235 3253 2344 3299 Var.
2373 3252 2505 3301 Lec'iz.
2532 3251 2609 3299 lib.
2640 3269 2676 3299 1.
2706 3267 2804 3314 cap.
2828 3250 2935 3311 ¹10.)

3015 2525 3023 2534 χ

3052 2535 3053 2538 ⁴
3041 2230 3068 2518 Λαμψάκη-..Α
3065 2198 3068 2203 ,

1673 3333 1768 3380 quo
1790 3318 1902 3381 quid
1924 3318 2069 3381 potest
2093 3318 2209 3380 fingi
2230 3317 2498 3380 absurdius?
2535 3317 2622 3364 Sed
2645 3317 2778 3364 illum
2794 3319 2936 3366 nimi·

1673 3398 1778 3429 rum
1801 3399 1932 3446 aeque
1955 3399 2006 3430 ac
2030 3395 2216 3431 caeteros
2239 3385 2286 3429 in
2308 3385 2504 3430 errorem
2529 3383 2708 3430 induxit
2727 3384 2938 3446 ignorata
2985 3394 2988 3397 ⁴
3044 3387 3053 3407 ²

1671 3447 1801 3495 verbi
1839 3456 2003 3498 turmam
2036 3448 2122 3495 hoc
2155 3449 2201 3495 in
2239 3449 2344 3496 loco
2375 3448 2660 3513 significatio,
2694 3447 2784 3511 qua
2810 3460 2936 3512 pate-

1671 3511 1789 3559 fasta
1811 3529 1971 3561 omnes
1993 3515 2066 3561 hae
2089 3513 2286 3560 tenebrae
2305 3513 2454 3560 statim
2475 3512 2764 3575 dissipantur..
2800 3574 2803 3578 ἱ

1995 3605 2055 3615 -·-·
2088 3597 2154 3626 ελοι
2175 3602 2210 3639 y=
2228 3601 2306 3627 εκει-
2859 3616 2861 3619 -

1670 3708 1743 3757 hae
1767 3710 1828 3756 ita
1852 3708 2092 3774 leguntur,
2874 3772 2887 3780 ὁ
2923 3773 2942 3788 ν

2827 3796 2929 3822 vala*

2897 3907 2917 3914 ο
