2964 4218
499 291 1518 358 PROME-THEUS
1640 283 2325 359 vss1NcTUS.
2716 319 2796 382 15

107 419 319 468 lubenter
352 419 619 470 dedufturae
652 436 796 480 erant,
830 424 881 472 &
912 426 1036 473 viam
1059 424 1391 474 commonstra-

108 498 243 535 turae.
291 486 424 534 Hinc
446 503 527 551 per
549 488 777 536 Isthmum
802 491 1114 540 Cimmerium
1136 491 1195 538 ad
1217 490 1389 555 Bospo-

25 566 29 573 ’
109 566 216 599 rum
247 553 580 616 cognominem
611 556 837 616 pervenit,
873 572 1014 621 quem
1049 559 1187 605 etiam
1211 568 1390 604 tranare

0 629 3 632 ’
63 651 69 655 -
108 617 374 681 oportebat,
411 630 549 683 atque
579 621 643 668 ita
680 621 737 668 ex
772 621 963 686 Europa
998 626 1058 671 in
1076 622 1237 670 Asiam
1264 619 1387 683 traji-

67 707 78 715 -
109 698 226 731 cere.
283 683 383 731 Hic
414 684 596 733 scilicet
614 685 846 750 Bosporus
876 687 942 735 est
963 700 1100 751 Paspov
1123 700 1269 751 {vorago-w
1291 694 1388 747 ὄζος,

0 754 17 784 '·
70 767 74 770 ·
108 763 205 796 non
228 749 397 811 fluvius
423 752 612 807 TanaiS,
647 751 704 799 de
734 768 830 816 quo
865 769 922 800 ne
958 754 1155 802 verbum
1178 753 1387 817 quidem,

77 826 165 879 ‘ut
197 814 423 864 constabit
462 814 714 867 conferenti
754 834 799 865 v.
842 822 934 883 728
963 846 1025 853 —
1051 835 1163 884 734.
1202 835 1312 867 cum
1335 835 1385 866 v.

0 914 9 921 -
113 883 226 945 789.
269 897 502 946 quemque
537 883 789 931 transmiffo
825 883 1031 948 Bosporo
1069 887 1328 933 Cimmerio
1362 901 1390 932 a
1432 908 1436 915 ·

0 955 22 1004 ς
65 970 68 975 ’
109 958 252 1011 εει-ἕο
254 943 356 1009 jam
381 947 590 994 relictum
614 946 742 996 fuiffe
766 950 934 998 neceffe
955 963 1064 998 erat.
1115 952 1272 998 Maria
1306 967 1388 998 au-

109 1023 221 1068 tem,
273 1012 322 1059 δε
359 1012 506 1076 ipsum
546 1029 791 1073 oceanum,
849 1018 1014 1064 fluvios
1060 1016 1186 1081 apud
1223 1018 1388 1065 Poetas

109 1075 301 1125 Graecos
337 1079 554 1143 appellari
587 1093 751 1128 notum
788 1082 863 1146 est.
939 1082 1058 1130 Vide
1093 1083 1197 1132 Nic.
1231 1084 1391 1144 Heinsti

108 1142 253 1207 Epist.
287 1143 344 1191 ad
381 1144 631 1193 Muncker.
669 1147 847 1213 Syllog.
870 1148 1173 1197 Burmannian.
1199 1161 1314 1197 tom.
1337 1166 1387 1197 v.

20 1214 31 1221 “
109 1223 158 1272 p.
179 1224 294 1268 402.
352 1210 484 1258 Hinc
517 1211 574 1258 ad
611 1215 835 1262 orientem
859 1214 999 1263 solem
1020 1214 1251 1265 conversae
1275 1215 1386 1277 fluc-

108 1283 178 1322 tus
199 1275 330 1323 Ponti
363 1275 615 1340 trajiciendi
645 1291 787 1338 erant,
825 1282 888 1328 ita
910 1290 1074 1340 φλοισ-ςον
1095 1295 1234 1332 nov-tou
1256 1282 1390 1329 inter.

107 1353 294 1404 pretor3
329 1344 412 1406 qui
442 1345 564 1391 enim
591 1346 755 1394 fluCtus
779 1345 961 1410 trajicit,
998 1348 1235 1412 strepitum
1270 1349 1386 1396 fluc-

106 1418 249 1455 tuum
263 1407 468 1472 oeajic'ere
489 1409 580 1458 dici
611 1412 777 1475 potest,
813 1415 896 1477 qui
919 1427 1075 1461 autem
1088 1411 1226 1476 juxta
1248 1415 1388 1461 maris

105 1470 245 1523 litora
264 1472 350 1523 iter
370 1474 525 1533 habet,
557 1492 651 1524 non
674 1478 914 1542 strepitum
939 1481 1166 1528 fluctuum
1183 1493 1388 1543 pertran-

107 1536 208 1596 fite,
240 1537 314 1588 sed
347 1543 661 1607 praetergredi,
702 1544 922 1593 dicendus
961 1546 1038 1594 est.
1115 1547 1195 1594 An
1231 1559 1386 1593 autem

76 1615 296 1669 pontus,
319 1656 323 1660 ,
345 1623 487 1671 quem
522 1611 586 1656 ita
627 1607 829 1672 trajicere
849 1612 1066 1673 *debebat
1104 1613 1175 1670 10,
1216 1625 1387 1676 pontus

0 1699 1 1702 =
68 1705 71 1708 ι
105 1666 246 1720 fuerit
266 1673 498 1735 Euxinus,
524 1690 581 1722 an
605 1691 731 1724 mare
756 1677 992 1741 Caspium,
1015 1691 1095 1726 aut
1118 1694 1242 1725 mare
1262 1678 1387 1725 aliud

105 1737 327 1800 quodvis,
373 1738 542 1788 frivola
575 1742 679 1790 estet
713 1743 975 1807 disputatio,
1010 1744 1387 1809 quandoquidem

106 1802 269 1861 Poeta,
305 1806 578 1870 ignorantiae
611 1807 701 1856 suae
738 1811 785 1856 in
821 1826 869 1858 re
888 1811 1208 1875 'geographica
1242 1811 1388 1874 probe

105 1868 192 1917 fibi
215 1870 436 1930 conscius,
471 1889 569 1921 rem
601 1885 748 1923 totam
785 1878 983 1924 tenebris
1024 1876 1281 1940 spiffiffimis
1315 1878 1387 1922 in-

60 1942 74 1973 ‘-
106 1934 319 1987 volutam
343 1939 400 1986 de
423 1939 641 1988 industria
665 1941 869 2006 reliquit,
905 1959 987 1990 nec
1019 1944 1169 2006 magis
1192 1942 1248 1989 de
1272 1943 1387 1989 mari

106 1999 391 2067 isto‘aliquid
414 2007 525 2053 certi
547 2009 849 2070 pronunciare
869 2010 1124 2072 poffumus,
1164 2024 1308 2072 quam
1331 2007 1387 2055 de

99 2066 331 2120 ‚Cisthinae
344 2069 422 2117 -vel
441 2071 673 2134 Scythinae
695 2073 780 2120 fitu
807 2075 1014 2136 (perinde
1034 2076 1156 2122 enim
1176 2074 1240 2122 est
1256 2086 1387 2122 utro-

46 2166 50 2170 -
107 2133 180 2207 yis
208 2135 353 2182 modo
383 2135 571 2198 scribas)
606 2154 717 2202 quae
740 2138 967 2203 nuspiam,
1003 2153 1055 2188 ut
1087 2142 1270 2204 opinor,
1305 2139 1387 2187 nisi

106 2215 155 2247 m
193 2200 352 2249 Poetas
392 2203 578 2251 cerebro
606 2204 787 2254 exstitit.
855 2205 1077 2269 Ejusdem⁴
1102 2206 1261 2255 farinae
1285 2205 1386 2253 sunt

6 2305 46 2350 κ,
108 2264 376 2324 Phorcides,
424 2269 668 2334 Gorgones
716 2272 764 2318 in
801 2271 993 2340 Africa,
1025 2273 1224 2337 Grypes‚
1275 2274 1383 2320 Ari-

106 2330 254 2395 maspi
275 2335 326 2381 in·
346 2334 548 2397 Scythiae
571 2337 803 2401 Europeae
824 2351 953 2402 parte
975 2337 1326 2403 septentrionali,
1359 2354 1386 2386 a

67 2440 74 2444 „
107 2397 408 2463 Mythologis
421 2402 654 2451 veteribus
670 2404 884 2451 collocati
901 2404 1027 2466 (vide
1045 2405 1279 2453 Herodot.
1300 2405 1382 2459 lib.

110 2478 197 2512 111.
219 2467 316 2526 lv.)
350 2466 402 2513 δε
434 2467 644 2534 Plutonis
679 2469 877 2535 denique
913 2472 1100 2527 fluvius,
1137 2487 1255 2535 quos
1279 2486 1384 2518 orn-

107 2545 205 2588 nes,
241 2543 322 2579 aut
346 2547 507 2581 eorum
536 2534 692 2583 saltem
714 2537 948 2594 viciniam,
981 2537 1166 2585 transire
1189 2537 1386 2584 debebat

95 2597 185 2654 -Io,
194 2594 465 2662 priusquam
483 2600 540 2666 ad
554 2602 792 2665 Populum
816 2605 1042 2667 Nigrum,
1058 2603 1175 2650 Solis
1195 2604 1234 2650 F
1236 2615 1382 2660 onteS,

106 2664 159 2712 δε
191 2663 465 2728 AEthiopem
505 2667 701 2715 fluvium
741 2672 997 2732 perveniret
1022 2692 1036 2725 3
1079 2667 1216 2734 juxta
1253 2667 1383 2732 cujus

41 2755 56 2765 ·
107 2730 482 2794 fluviilripas'iter
501 2733 776 2797 prosequuta
800 2735 857 2781 ad
876 2734 1202 2783 Catabasmum
1223 2733 1381 2798 usque,

91 2795 193 2851 lubi
225 2795 366 2853 Nilus
389 2796 431 2844 se
463 2814 490 2845 a
513 2799 721 2861 Byblinis
745 2802 982 2848 montibus
1002 2801 1212 2857 effundit,
1247 2798 1382 2863 hujus

106 2864 248 2910 etiam
271 2863 399 2911 fluvii
421 2865 602 2926 cursum
622 2865 746 2930 sequi
766 2867 959 2916 debebat
978 2868 1024 2914 in
1043 2869 1307 2931 AEgyptum
1333 2869 1383 2915 &

107 2929 315 2986 Deltam,
351 2930 433 2977 ubi
464 2934 686 2979 terminus
720 2932 910 2980 demum
933 2934 1159 2982 erroribus
1182 2932 1268 2980 suis
1291 2935 1381 2982 im-

104 2994 379 3062 ponebatur,
415 2996 466 3043 ὅτ
488 2996 722 3045 coloniam
749 3015 805 3046 ex
829 3000 1015 3063 posteris
1039 3001 1244 3063 amplam
1269 3016 1380 3047 con-

106 3061 212 3107 dere
238 3059 338 3108 fato
361 3061 426 3110 illi
449 3075 545 3110 erat
568 3065 841 3115 concessum.
893 3066 957 3114 Et
981 3065 1197 3114 haftenus
1222 3066 1278 3113 de
1304 3067 1380 3113 Ius
1425 3080 1430 3089 ’

105 3125 348 3175 erroribus.
1242 3171 1244 3173 .

39 3191 102 3239 V.
127 3195 151 3240 8
159 3203 235 3257 371
274 3195 350 3251 Αφ’
370 3200 409 3243 οὗ
434 3213 758 3257 παλιμπλαγκτυιστ
782 3195 937 3259 stupea&
959 3197 1130 3262 όγομοις]
1177 3197 1381 3261 Egregia

104 3258 207 3325 sane
229 3259 345 3308 mihi
367 3260 548 3308 videtur
563 3263 740 3311 Pauwii
760 3262 1036 3325 conjectura,
1073 3279 1166 3328 qua
1184 3265 1380 3329 reponit,

238 3326 309 3387 Εφ’Ι
327 3332 364 3373 οὗ
389 3328 426 3386 γ’
447 3331 722 3389 ἇλιπλαγκπιστ
746 3329 895 3392 κιμαζῃ
918 3341 1075 3392 dynam,

104 3391 246 3437 Unus
276 3404 458 3439 tantum
492 3394 606 3441 mihi
645 3396 777 3443 restat
807 3394 1056 3459 scrupulus.
1119 3394 1230 3443 Post
1253 3410 1380 3442 mare

107 3456 292 3504 Ionium
327 3456 584 3520 trajefi‘um,
619 3461 932 3525 longissimum
967 3462 1118 3508 adhuc
1149 3461 1380 3524 reliquum

104 3535 201 3568 erat
222 3522 304 3570 iter
327 3525 526 3572 terrestre
550 3528 904 3584 conficiendum,
942 3526 1206 3591 priusquam
1232 3529 1280 3573 in
1309 3526 1381 3573 ul-

105 3588 269 3651 timam
302 3590 502 3652 Scythiae
525 3607 673 3649 oram,
709 3594 791 3640 ubi
825 3595 873 3640 in
900 3593 1242 3641 'Prometheum
1266 3593 1378 3651 inci-

103 3652 188 3712 dit,
219 3659 455 3720 pervenire
476 3671 657 3723 poterat
680 3659 746 3709 Io.
799 3660 848 3707 Si
872 3660 928 3707 de
952 3661 1091 3707 maris
1115 3655 1380 3721 trajeffione

1462 1613 1854 1677 858.859.86o.

1524 426 1668 490 igitur
1685 427 1866 475 locutus
1889 427 1993 475 effet
2011 426 2332 483 Prometheus,
2363 440 2457 473 non
2479 424 2656 488 χιμαζῃ,
2679 439 2800 477 tem-

1524 508 1636 556 pore
1669 492 1895 557 praesenti‚
1938 491 2012 540 sed
2043 503 2262 554 ιχυμαῶκς,
2306 504 2514 555 tempore
2545 495 2798 555 praeterito,

1523 573 1693 621 ponere
1716 559 1960 615 debuisset,·
1975 570 2029 604 ut
2051 557 2248 615 videtur,
2284 558 2437 606 Poeta.
2487 557 2576 605 Sed
2600 558 2689 606 hoc
2705 558 2800 607 for.

1524 622 1600 671 san
1634 626 1907 687 ignorantiae
1937 620 2032 686 ejus
2067 624 2115 670 in
2145 639 2191 670 re
2221 622 2532 687 geographica
2566 626 2799 688 imputan-

1524 689 1639 736 dum
1662 690 1741 747 est,
1775 706 1883 754 quae
1905 690 1952 736 in
1972 688 2103 736 causa
2129 688 2213 736 effe
2235 690 2406 752 potuit,
2441 701 2495 736 ut
2518 705 2645 738 mare
2671 691 2798 739 Ioni-

1524 771 1632 802 cum
1667 757 1806 803 etiam
1843 754 2043 818 Scythiae
2079 755 2420 803 conterminum
2459 755 2545 802 effe
2579 756 2798 815 crederet,

1524 821 1638 868 adeo
1661 834 1714 868 ut
1728 822 1804 879 ·Io,
1840 820 1974 869 fimul
1999 833 2136 884 atque
2165 836 2223 868 ex
2246 822 2363 868 mari
2386 821 2554 884 egressa
2574 822 2654 879 est,
2690 840 2805 887 pro-⁷

1523 888 1646 934 tinus
1670 887 2001 935 Prometheum
2025 887 2214 935 obviam
2237 886 2441 934 haberet.
2497 887 2625 952 Qae
2648 904 2717 936 res
2742 906 2799 938 eo

1523 952 1808 1000 verisimilior
1837 953 1920 1010 est,
1954 951 2083 1016 quod
2106 953 2152 999 in
2173 969 2220 999 v.
2246 955 2355 1013 827.
2390 952 2507 1000 hanc
2531 955 2667 1001 maris
2703 967 2797 1003 tra·

1523 1015 1764 1077 ieffionem
1802 1017 1961 1065 diserte
1998 1017 2199 1082 appellat
2238 1018 2540 1065 Prometheus
2577 1042 2695 1082 πςμιι
2733 1046 2799 1071 οων

1522 1102 1780 1142 mmmmm.
1845 1083 2049 1132 Nullum
2073 1097 2191 1132 certe
2210 1082 2315 1147 post
2335 1083 2453 1131 hanc
2480 1082 2798 1147 trajeffionem

1523 1165 1720 1263 {rrssrem
1740 1151 1816 1198 Ius
1839 1161 2084 1207 memorat,
2118 1149 2384 1215 priusquam
2407 1150 2508 1198 haec
2534 1150 2617 1199 fibi
2639 1167 2796 1200 coram

1540 1231 1564 1262 e
1624 1229 1767 1264 iterat.

1458 1282 1518 1331 V.
1546 1285 1656 1346 849.
1694 1296 1882 1345 Επωνυμον
1906 1288 1942 1331 ὃε
1965 1305 2034 1332 των
2056 1296 2142 1330 Aloe
2162 1304 2379 1343 κινημάτων

1690 1353 1813 1408 Tegea
1842 1368 1999 1400 mmm
2029 1349 2207 1410 Επαφον]
2258 1349 2450 1411 Scaliger.
2478 1363 2536 1396 ex
2569 1348 2798 1410 Peyraredi

1523 1411 1783 1477 conje6tura
1806 1415 1851 1462 in
1875 1415 1982 1462 libri
2016 1413 2081 1462 sui
2106 1429 2186 1461 ora
2215 1414 2427 1477 posuerat
2457 1430 2543 1463 Διος
2571 1426 2792 1476 θψμανιων.

1522 1480 1742 1542 Hesychius
1780 1494 2014 1542 Θιγκματων,
2055 1502 2289 1540 utaequa-mv.
2360 1480 2484 1527 Haec
2523 1496 2599 1528 me
2639 1481 2797 1529 docuit

1522 1546 1764 1594 Valckenar.
1791 1546 1848 1593 ad
1871 1547 2024 1611 Eurip.
2051 1545 2242 1609 Phaengff
2272 1547 2382 1610 639.

1955 1639 2019 1647 —
2041 1623 2165 1669 φθῡνον
2187 1622 2229 1659 4³2
2251 1635 2423 1674 οωμαπιν
2446 1615 2515 1671 ἔξει
2537 1626 2633 1662 δῖος·

1884 1692 2079 1736 Πελωσγα
2101 1687 2142 1726 :sse
2165 1681 2306 1737 «ἡξεπα
2330 1691 2539 1738 θηλυκπνῳ-

1883 1757 1968 1808 Apeae
1990 1756 2188 1805 άὶιμενπυν,
2223 1763 2490 1808 νυκπφςουρητῳ
2512 1745 2659 1808 θράσει]
2694 1745 2796 1794 LO-

1522 1825 1630 1857 cum
1654 1810 1778 1858 hunc
1801 1822 2074 1874 corruptum
2091 1810 2175 1857 effe
2197 1809 2323 1856 haud
2350 1826 2499 1874 nego;
2533 1812 2798 1859 Pauwianas

1520 1888 1677 1929 ‚tamen
1714 1873 1995 1937 conjecturas
2012 1874 2021 1931 ’,
2034 1892 2128 1924 non
2170 1875 2297 1923 illico
2335 1875 2669 1940 amplefflkndas
2709 1879 2795 1925 effe

1521 1942 1692 1990 censeo.
1743 1947 1894 2001 Δεξεπα
1922 1945 1968 1990 in
1991 1947 2160 2005 Δεςξεται
2185 1954 2393 1988 mut-atur
2415 1941 2582 2004 absque
2604 1942 2698 1990 ulla
2720 1944 2792 1991 vel

1521 2009 1717 2055 mInima
1761 2011 2026 2056 necessitate.
2068 2009 2072 2013 ’
2100 2007 2178 2056 Sed
2224 2008 2297 2054 hoc
2337 2007 2449 2070 longe
2477 2008 2792 2070 stgnz'ficantius.

1520 2072 1705 2139 Longe,
1739 2075 1771 2121 fi
1794 2076 1881 2131 vis,
1917 2074 2158 2130 audacius,
2196 2074 2520 2137 significantius
2543 2074 2627 2121 effe
2653 2082 2791 2138 nego,

1522 2141 1572 2187 &
1596 2141 1654 2187 ad
1676 2141 1884 2198 Le&or,is
1896 2139 2126 2203 judicium
2149 2155 2368 2204 provoco.
2423 2140 2603 2187 Deinde
2625 2159 2805 2201 anua-mv·

1520 2222 1607 2270 pro
1630 2230 1801 2267 σωμάτων
1822 2205 2164 2271 frigidissimum
2189 2206 2327 2255 habet
2347 2203 2535 2253 sensum.
2588 2207 2722 2271 Qid
2744 2223 2792 2253 e-

1522 2274 1618 2319 nim
1660 2285 1755 2319 tam
1790 2289 1993 2329 enorme,
2041 2288 2092 2318 ac
2132 2272 2265 2336 supra
2303 2271 2554 2318 humanam
2588 2272 2798 2335 positum.

1520 2337 1852 2394 conditionem,
1887 2353 1981 2386 erat
2005 2339 2050 2385 in
2080 2338 2160 2386 ista
2183 2337 2387 2393 audacia,
2422 2353 2515 2401 qua
2540 2336 2699 2384 fratres
2723 2338 2791 2386 illi

1519 2416 1738 2468 cognatas
1761 2404 1858 2452 suas
1884 2405 1942 2452 ab
1957 2406 2169 2468 AEgypto
2193 2406 2238 2451 in
2259 2404 2490 2450 Graeciam
2513 2403 2654 2467 usque
2678 2420 2794 2467 nup-

1519 2470 1841 2532 tiarum—causa
1863 2470 2086 2534 insequuti
2109 2468 2224 2528 sunt,
2248 2484 2300 2516 ut
2322 2470 2405 2516 diis
2428 2470 2650 2517 invidiam
2672 2486 2793 2517 crea-

1520 2548 1603 2593 ret,
1640 2537 1689 2584 &
1711 2552 1769 2583 ex
1792 2537 1962 2584 invidia
1993 2537 2080 2584 ista,
2094 2550 2244 2583 ortam
2269 2538 2383 2583 iram
2407 2536 2611 2582 divinam
2635 2537 2682 2583 in
2709 2551 2792 2583 eos

1518 2603 1801 2650 concitaret?
1848 2604 1975 2651 Nam
1999 2605 2125 2651 Deus
2149 2616 2308 2649 contra
2331 2602 2530 2665 aliquem
2554 2613 2678 2659 φθυνον
2701 2624 2791 2664 qm

1518 2668 1703 2726 dicitur,
1740 2684 1831 2715 non
1865 2685 1973 2716 cum
2013 2670 2053 2715 ei
2090 2667 2312 2715 succenset
2335 2666 2704 2731 qualemcunque
2728 2669 2794 2714 ob

1517 2732 1715 2792 causam,
1750 2734 1823 2782 sed
1851 2735 2249 2799 cumlindignatur
2273 2733 2444 2795 aliquid
2475 2734 2596 2782 ultra
2625 2734 2790 2780 huma—

1519 2816 1592 2847 nae
1615 2812 1790 2848 naturae
1812 2799 1976 2848 sortem
2001 2816 2052 2846 ac
2076 2800 2270 2847 modum
2296 2800 2597 2846 affefiantem.
2645 2801 2788 2846 Deni—

1518 2882 1610 2931 que
1643 2876 1826 2923 Abepoevw'u·
1860 2882 1945 2930 pro
1983 2877 2170 2927 Δᾰμεντων
2218 2866 2398 2912 admitti
2435 2863 2584 2912 forsan
2628 2866 2801 2928 posset,>

1517 2931 1660 2980 modo
1682 2949 1734 2979 ea
1753 2934 2007 2981 mutatione
2025 2931 2143 2978 faeta
2163 2933 2290 2979 locus
2314 2933 2564 2994 integritati
2586 2931 2790 2978 restitue-

1516 3011 1656 3055 retur,
1698 2998 1777 3046 sed,
1806 3015 1914 3045 cum
1950 2999 2037 3045 alia
2073 2997 2252 3061 insuper
2287 2997 2573 3044 emendanda
2607 2997 2791 3054 restent,

1516 3066 1659 3111 tutius
1677 3065 1761 3111 effe
1783 3063 2007 3120 existimo,
2033 3076 2277 3127 antequam
2302 3064 2560 3127 quidquam
2583 3078 2788 3126 pronun—

1516 3131 1706 3187 ciemus,
1743 3129 1999 3193 exspeffihre
2032 3130 2176 3176 donec
2212 3131 2341 3175 omni
2371 3145 2426 3175 ex
2455 3142 2583 3190 parte
2612 3128 2794 3174 restitu-

1515 3208 1617 3242 tum
1642 3195 1898 3243 videamus.
1944 3195 2075 3260 Qid
2098 3195 2222 3242 enim
2242 3206 2286 3242 te
2308 3207 2528 3258 exempta
2541 3192 2678 3257 juvat
2701 3194 2789 3258 spi-

1517 3263 1584 3309 nis
1607 3261 1664 3308 de
1687 3261 1897 3325 pluribus
1922 3278 2012 3308 una
2031 3261 2047 3307 ?

1453 3330 1563 3391 874.
1600 3341 1710 3378 οπως
1738 3334 1774 3375 5³2
1795 3329 1842 3392 χῗ
1864 3328 1968 3389 cim]
2027 3328 2185 3383 Verte,
2220 3325 2603 3390 Qomodoautem,
2637 3326 2692 3376 ὣ)
2712 3343 2789 3392 quo

1505 3399 1645 3455 path.

1454 3459 1562 3508 885.
1589 3459 1638 3506 δε
1662 3458 1782 3522 seqq.
1830 3458 1942 3504 Hoc
1975 3459 2113 3504 etiam
2139 3477 2251 3524 μέλος
2285 3457 2532 3521 epodicum
2565 3459 2648 3505 esse
2671 3459 2801 3506 refie-

1514 3525 1668 3572 statuit
1701 3526 1918 3578 Camertes,
1966 3539 2234 3586 quanquam
2276 3523 2547 3587 quibusdam
2591 3528 2636 3572 in
2676 3525 2794 3572 locis

1514 3603 1593 3637 aut
1632 3592 1917 3652 corruptum⁴
1951 3602 2029 3634 aut
2063 3588 2294 3635 ⁴mutilum
2339 3590 2471 3635 nobis
2516 3590 2799 3652 pervenerit..

1502 3656 1662 3734 'Qod
1683 3657 1867 3720 oggerit
1888 3654 2093 3703 Pauwius
2114 3653 2172 3701 de
2194 3653 2289 3703 solo
2308 3678 2468 3719 ωφυοενπ
2492 3657 2539 3703 in
2561 3671 2786 3770 qulpstctssn-

2682 3738 2704 3771 Ε
2742 3732 2801 3770 at*
